4017 6350
51 366 122 426 989
410 359 563 419 btssEttT.
585 358 619 417 lu
638 358 704 417 Ltb.
726 358 770 415 ME
790 354 965 415 Montibus
984 356 1175 415 PERSECUT.
1196 355 1272 413 CMP.
1295 355 1365 413 xtu.
1667 351 1720 410 oto

53 488 109 538 tus
125 478 281 555 est,1ussit
295 478 459 536 iilosontnes
478 474 602 533 interitci.
628 473 709 533 tutu
729 486 819 533 autem
834 474 868 531 iis
879 476 908 539 Α
921 482 973 531 lata
987 485 1039 533 est.
1053 473 1089 532 Mt
1102 475 1211 549 quidam
1226 474 1348 533 arbitrati
1361 483 1426 532 sunt
1446 472 1483 531 ibi
1508 472 1535 528 itt
1558 472 1630 533 iilius
1646 481 1721 531 testu

55 572 268 641 itaetttittctis,
285 581 338 627 tant
353 570 471 641 ipsorum
493 583 574 640 quam
603 566 678 639 intpii
701 583 794 623 eorum
821 582 868 641 pa·
920 566 1064 640 legendum
1079 566 1253 643 ttttnquideut
1277 567 1426 633 Orientem,
1442 566 1490 629 sed
1516 565 1649 625 bunum.
1666 564 1721 622 blu-

54 666 154 723 rentis
167 663 393 738 imaginesiuisse
416 660 568 719 contractas
592 671 619 717 et
638 660 805 719 obliteratae.
822 657 870 716 tlt·
920 677 989 735 gnus
1011 660 1143 735 siquidem
1164 661 1251 736 Syriae
1274 661 1373 720 uuttus
1391 672 1451 732 est,
1479 660 1525 733 nni
1553 674 1627 731 sape
1650 656 1721 730 opud

57 772 126 829 que
141 757 200 814 baec
214 756 320 831 quidem
333 770 383 814 uec
395 757 471 831 ptura
482 754 515 811 de
528 754 562 816 iis
577 752 707 811 Eusebius
728 753 866 814 memoria
919 754 1089 831 geographos
1105 752 1226 827 aliosque
1240 755 1390 825 scriptores
1402 751 1507 811 Ototttit
1522 752 1632 809 nuutios
1645 765 1717 809 nun-

57 850 219 908 tnandarit.
921 857 1042 919 cupatur.
1057 846 1111 905 Sed
1135 846 1195 903 baec
1218 846 1371 903 emendatio
1397 844 1456 903 aliis
1483 844 1586 904 inutilis
1604 846 1720 906 fortusse

102 944 209 1003 Verum
222 952 317 1001 auctor
328 950 432 1009 noster,
446 940 554 1014 longius
582 954 761 1015 progressus,
780 940 872 1013 plures
921 940 1066 998 videbitur.
1080 938 1121 997 ttb
1136 936 1288 1013 Megesippo
1300 940 1372 995 enim
1386 938 1442 1011 (lib.
1456 951 1485 995 tu
1503 936 1536 993 de
1548 936 1641 993 Excid.
1656 932 1721 989 ilic·

56 1036 180 1113 quidem
196 1036 292 1095 alicubi
306 1045 437 1094 metuerat
451 1034 589 1093 Maximini
606 1034 674 1092 itlius
690 1077 697 1105 ,
712 1034 775 1093 alibi
789 1050 870 1092 vcro:
921 1036 1000 1091 rotoi.
1015 1051 1073 1107 cup.
1090 1032 1135 1107 li)
1150 1042 1179 1090 et
1190 1031 1294 1089 isidoro
1315 1032 1373 1105 ejus
1397 1046 1512 1103 sequace
1525 1030 1582 1105 (ut.
1595 1046 1644 1088 xnt
1662 1028 1721 1087 lisi-

60 1146 74 1182 r
95 1128 222 1201 lpsius,t
240 1128 325 1203 inquit
345 1128 356 1205 (
365 1144 423 1201 cop.
436 1128 501 1201 ii),
518 1146 528 1180 t
545 1126 684 1185 Maximini
696 1126 778 1184 itlittnt
793 1144 871 1185 suunt
921 1128 975 1205 pin.
993 1144 1051 1197 cop.
1065 1124 1112 1201 st)
1127 1125 1223 1183 deboc
1236 1125 1295 1199 ipsu
1307 1125 1417 1181 llutnine
1431 1124 1560 1197 seriptum
1587 1123 1719 1195 legimus:

56 1224 234 1295 maximum,
249 1232 371 1296 agentem
386 1224 413 1279 in
432 1225 602 1289 nortberto,
619 1232 646 1279 ct
670 1221 751 1279 iliam
767 1232 873 1295 septen·
922 1218 963 1277 lie
977 1221 1084 1293 eripitis
1105 1236 1159 1277 tute
1184 1228 1267 1279 tractu
1287 1217 1417 1278 Orientem
1431 1218 1535 1275 buncce
1548 1215 1657 1276 Munium
1671 1230 1721 1291 ap·

59 1334 133 1375 rtem
159 1318 272 1375 extinxit
296 1316 451 1375 tLicittius.
475 1314 557 1374 «Sed
583 1316 657 1387 prius
672 1325 759 1373 mater
777 1330 872 1373 eorum
922 1312 1101 1387 pellaueruut.

58 1412 94 1469 its
116 1409 256 1469 Orientem
281 1408 445 1483 praecipitata
472 1408 698 1478 mutilandum
726 1418 816 1465 autem
843 1410 871 1464 in
1217 1454 1333 1514 mm,
1351 1454 1412 1515 m

60 1502 124 1565 iroc
146 1510 220 1564 testu
245 1502 342 1563 tuenda
367 1518 429 1564 esse
451 1503 605 1579 opinantur.
628 1502 735 1561 Etenim
751 1502 873 1561 nonnulli
1241 1501 1250 1513 ’
1414 1496 1421 1511 “

60 1605 169 1677 putant
181 1596 315 1659 sublatum
334 1597 372 1659 ibi
396 1610 490 1655 rocem
514 1613 607 1665 ruunt,
621 1596 667 1655 alii
681 1596 822 1671 terendum
837 1598 872 1670 pi-
1154 1592 1307 1655 bittunt
1318 1597 1483 1671 insperatum.

52 1691 135 1761 ,titum
146 1700 209 1749 nats
222 1690 380 1761 maximnm,
394 1689 435 1747 tel
450 1688 536 1763 filium
551 1698 605 1747 tttttt
620 1690 746 1757 matre,
761 1691 806 1751 alii
824 1688 872 1749 de·

62 1784 252 1859 niquefiiitttu
270 1786 297 1841 in
321 1780 717 1845 cilicinveremurtantstttss
737 1784 871 1856 citataip-
1002 1849 1033 1863 ..
1161 1850 1168 1865 .
1436 1851 1443 1863 ·
1550 1851 1557 1863 ι

60 1879 189 1945 siusntet
202 1876 295 1936 Cecilii
310 1878 397 1939 nostri
410 1887 492 1951 atquc
506 1876 587 1937 otiam
600 1876 709 1935 Eusebii
723 1876 803 1937 rerba
819 1892 871 1933 tion
886 1876 910 1937 Β
925 1846 964 1905 θ’
976 1846 1071 1959 ‚mn
1100 1858 1202 1924 ΡΜ*
1230 1852 1395 1923 WWW’
1417 1852 1507 1919 mist·
1532 1866 1637 1956 ‘imi'f‘
1664 1865 1722 1905 ‘'¹⁸'‘

61 1968 140 2025 satis
171 1967 345 2025 attenderint.
380 1966 475 2025 Plures
497 1966 635 2026 eninttcro
657 1976 770 2037 uterque
798 1974 874 2025 ttotat
961 1940 1065 1999 (dim
1081 1943 1275 2015 familiaritatem
1289 1955 1376 1999 “iim
1398 1945 1430 1999 “i
1452 1960 1481 1999 ⁶⁰
1495 1943 1579 1999 ‘W'
1599 1945 1676 2000 ”⁰¹⁸¹
1698 1952 1723 1999 ’ἲ

61 2060 209 2119 Maximini
226 2058 348 2129 liberos,
368 2073 436 2132 quos
459 2057 591 2115 Eusebius
606 2057 731 2131 imperii,
746 2058 782 2115 uti
811 2072 873 2114 mox
962 2036 1103 2109 *mulslim
1118 2038 1265 2112 immisi·
1280 2055 1310 2094 ⁰⁶
1330 2036 1448 2095 clim
1469 2038 1618 2095 ”imiimi
1638 2040 1724 2105 ιθιιιι·

62 2154 247 2225 dicebamus,
272 2154 307 2211 ab
320 2168 372 2222 co,
399 2152 462 2209 dum
484 2154 602 2220 viseret,
625 2161 764 2209 consortes
789 2151 873 2209 iactor
960 2133 1533 2209 imam“d551‘1211'i1i10'11liii0d1'd0151·

61 2248 241 2306 testilicatur.
255 2249 289 2305 ttt
302 2247 418 2305 Ceeiiius
440 2256 530 2305 noster
547 2244 637 2321 (decii.
654 2264 713 2321 cop.
726 2244 761 2303 ii
776 2256 799 2303 st
812 2246 870 2320 50),
960 2246 1080 2307 Licinius
1100 2248 1199 2315 Dacia,
1216 2258 1284 2310 teste
1297 2247 1449 2321 Eutropio,
1465 2256 1546 2321 atque
1566 2247 1649 2307 etiam
1674 2246 1725 2305 So·

65 2344 127 2402 etsi
150 2344 231 2417 priori
253 2343 312 2401 loco
326 2342 508 2422 piuresetiam
532 2342 669 2401 Maximini
696 2342 798 2401 liberos
813 2359 872 2401 mc·
924 2352 1019 2417 crate,
1039 2358 1125 2415 eaque
1149 2359 1238 2413 nota,
1259 2354 1288 2399 ut
1310 2340 1468 2417 iinonpmus
1485 2340 1642 2400 Valesianus
1664 2341 1722 2411 ait,

66 2448 186 2507 moret,
202 2438 321 2495 seeundo
346 2447 435 2494 tatttett
452 2436 511 2493 loco
525 2453 609 2493 uuum
623 2436 809 2494 tautummodo
823 2452 873 2495 tto·
925 2438 1057 2495 oriundus
1071 2447 1131 2496 erat
1146 2458 1153 2493 ι
1169 2436 1217 2499 sco
1244 2438 1355 2505 attioris,
1385 2438 1455 2501 sicut
1476 2437 1523 2497 iile
1538 2436 1635 2495 ibidem
1650 2435 1727 2493 autt-

62 2530 174 2597 minat,
201 2546 318 2602 cutuque
350 2538 511 2597 octennem,
539 2544 571 2585 ac
596 2541 754 2601 septennem
768 2528 872 2603 tiliam,
925 2530 982 2599 dit,
1004 2531 1127 2605 originis.
1159 2528 1194 2587 Et
1212 2540 1287 2590 certe
1313 2528 1441 2590 lurcatur
1470 2528 1563 2589 Victor
1586 2529 1726 2588 memoriae

64 2623 222 2699 ambosque
233 2622 330 2680 licinii
343 2622 422 2699 jussu
434 2623 546 2681 occisos.
562 2624 597 2679 tlt
619 2621 717 2699 ubique
730 2622 776 2678 ille
799 2623 874 2693 petti—
926 2624 1044 2697 prodidit
1065 2624 1140 2681 illum
1166 2633 1255 2689 ortum
1287 2640 1348 2684 esse
1370 2639 1405 2682 et
1430 2638 1531 2697 petiero
1558 2623 1726 2697 agrariorum

69 2724 119 2773 tus
137 2714 212 2772 siluit
225 2726 312 2773 utrum
327 2715 370 2773 bie
393 2715 530 2771 Maximini
546 2714 616 2771 ilius
639 2729 654 2771 a
677 2722 753 2793 patre
767 2730 817 2771 suo
829 2722 875 2773 aut
925 2726 953 2773 et
966 2718 1164 2778 rusticantium.
1190 2716 1287 2773 Narrat
1299 2726 1389 2775 autent
1403 2716 1521 2777 Cecilius
1540 2725 1632 2775 nomer
1655 2714 1727 2771 itttnc

69 2810 236 2883 imperator,
253 2811 408 2873 autsaltcm
436 2810 530 2867 Emsar
555 2806 828 2883 nuncupatusiucrit.
844 2808 874 2867 Si
926 2808 1028 2867 Galerii
1064 2810 1235 2881 imperatoris
1266 2809 1350 2867 luisse
1382 2829 1392 2865 t
1421 2810 1521 2869 ueteris
1556 2808 1727 2867 contubernii

64 2917 163 2963 antem
179 2904 301 2965 octennis
314 2906 423 2961 caeteris
436 2902 493 2976 ejus
505 2902 568 2960 stilis
580 2900 666 2979 maior
680 2913 744 2958 natu
758 2899 873 2975 dicatur,
926 2904 1058 2972 amicum,
1082 2914 1109 2961 et
1121 2918 1137 2961 a
1150 2903 1236 2977 prima
1263 2902 1358 2961 militia
1374 2903 1549 2973 familiarem,
1572 2901 1650 2973 cujus
1663 2916 1727 2959 cott-

67 2999 117 3055 cui
131 2997 263 3055 credibile
275 2996 324 3060 liet
334 2998 400 3055 alios
413 3006 492 3054 aetate
510 2995 590 3069 lotape
603 2995 721 3053 minoret
735 2992 777 3051 uei
791 2994 875 3067 impe·
926 2994 994 3057 siliis
1006 2994 1040 3051 ad
1057 2996 1146 3053 omnia
1161 2996 1276 3069 regenda
1304 2998 1439 3067 utebatur,
1458 3016 1468 3053 t
1484 2997 1528 3055 rol
1548 2997 1620 3055 sicut
1647 2995 1726 3053 Zosi-

66 3106 197 3165 ratores,
211 3092 253 3149 rel
277 3088 399 3149 Caesarcs
423 3090 458 3149 ab
482 3089 548 3161 illo,
570 3088 642 3149 sieut
666 3088 704 3145 ait
722 3086 873 3158 Eusebius,
926 3104 986 3146 mus
1000 3098 1028 3147 et
1039 3088 1165 3149 Socrates
1177 3090 1253 3148 aiunt
1267 3090 1378 3167 (Zosiut.
1392 3090 1439 3149 ut.
1458 3108 1478 3149 tt
1493 3090 1724 3159 rusteinstein.

69 3197 184 3246 creatos
199 3185 309 3244 ruisset
927 3186 978 3244 loc.
991 3185 1062 3260 cit.),
1077 3197 1195 3250 retorem
1210 3187 1341 3254 anticum,
1354 3186 1525 3254 lstttiliarent.
1537 3195 1565 3244 et
1583 3185 1727 3246 contuber-

106 3277 245 3352 Nuntquid
258 3287 349 3336 autent
364 3275 520 3354 responderi
533 3285 623 3354 potest
647 3275 720 3335 bunc
736 3273 872 3335 Maximini
887 3277 909 3342 C
927 3279 1035 3348 nalem,
1048 3295 1080 3336 ac
1094 3279 1202 3336 tandem
1216 3323 1224 3350 ,
1247 3280 1317 3338 sicut
1342 3289 1476 3338 ntcmorat
1493 3279 1657 3357 Eutropius,
1677 3292 1727 3336 uo·

67 3375 157 3432 Elium
178 3375 211 3432 ab
238 3383 348 3434 auctore
380 3382 472 3428 nostro
496 3370 625 3448 appellari
649 3369 793 3428 Mnaintnut
820 3385 873 3426 uon
926 3381 981 3429 tum
994 3373 1079 3440 ei‚et
1093 3373 1202 3444 antiqua
1217 3373 1427 3444 consuetudine,
1441 3382 1469 3432 ct
1491 3374 1608 3435 strenuis
1629 3371 1725 3430 inbel-

67 3484 150 3528 suatn
165 3481 276 3542 propter
289 3475 394 3528 cetaiettt
407 3509 415 3536 ‚
430 3467 477 3524 sed
493 3467 553 3540 quia
569 3465 706 3541 pcupcintn
730 3473 788 3522 erat
802 3463 875 3524 iltius
926 3467 968 3536 lo,
980 3468 1051 3540 uttod
1071 3467 1203 3526 adversus
1216 3467 1318 3524 Narseo
1334 3479 1472 3542 gesserat,
1494 3465 1631 3527 laboribus
1645 3474 1727 3538 atque

69 3561 199 3619 nomeu?
219 3560 272 3619 Sed
288 3560 330 3618 iac
343 3603 351 3628 ‚
364 3560 387 3617 si
408 3561 494 3630 retis,
522 3559 580 3618 baec
606 3559 697 3616 omnia
722 3571 782 3618 esse
799 3574 872 3614 tera.
925 3561 1023 3619 oibciis
1044 3574 1195 3638 acceptum.
1213 3563 1279 3620 Esar
1306 3563 1395 3640 itaque
1418 3562 1454 3622 ob
1477 3575 1587 3622 causatu
1602 3560 1727 3619 Galerius

68 3655 107 3714 At
121 3670 222 3728 quant,
237 3654 334 3711 amabo
348 3667 374 3713 te
386 3696 395 3722 ,
409 3655 444 3710 ob
458 3668 568 3716 causam
591 3669 663 3708 nune
673 3651 789 3708 iiccilius
802 3649 873 3727 (cup.
925 3655 1152 3728 uolebatquidetn
1165 3656 1239 3712 illurn
1255 3656 1289 3712 ad
1299 3669 1455 3729 supremum
1465 3655 1572 3726 itrtperii
1587 3654 1725 3730 fastigium

72 3749 124 3822 50)
144 3749 224 3820 bnjus
234 3757 335 3808 tantum
352 3747 494 3816 meminit,
510 3761 564 3806 non
580 3761 647 3804 teto
660 3745 774 3804 aliorum
790 3743 876 3799 Maxi·
925 3747 1097 3820 prosettere3
1123 3747 1172 3804 sed
1196 3747 1284 3804 noluit
1299 3747 1386 3822 pritnn
1399 3764 1456 3803 euru
1479 3745 1608 3804 Curarem
1622 3751 1727 3820 imae,

69 3843 141 3903 ntitri
156 3843 272 3900 liliorum
293 3855 361 3914 quos
386 3841 519 3902 Eusebius
534 3837 632 3902 Licinii
650 3837 776 3894 mandato
791 3837 875 3895 inter·
925 3841 1010 3900 norbo
1023 3850 1086 3898 sunt
1105 3838 1214 3912 cecilii,
1230 3857 1262 3896 ne
1274 3842 1359 3913 pilium
1382 3841 1524 3898 montisaurei
1535 3861 1545 3910 ,¹
1558 3849 1586 3896 ιιι
1600 3847 1688 3913 postea
1699 3839 1727 3894 t'tt

70 3935 162 3994 lectos
174 3949 235 3992 csse
251 3933 410 3992 detruntiati
424 3931 519 3994 Nonne
541 3933 638 3993 Cecilii
664 3931 748 3989 nostri
771 3932 798 3987 itt
823 3929 875 3989 boc
926 3931 1086 4008 Cottstuntii,
1106 3950 1187 4006 quern
1200 3933 1277 3991 brevi
1297 3935 1457 3990 transiturum
1477 3931 1620 4003 sperabat,
1643 3931 1727 3989 lmusn

70 4027 157 4100 libro,
176 4029 214 4085 uti
239 4027 498 4100 animadvertimus,
523 4027 692 4102 propositum
720 4023 771 4082 luit
786 4025 874 4098 palam
926 4039 1086 4103 nunccuparet
1102 4029 1245 4102 Aupsrtunt
1259 4035 1282 4082 et
1298 4029 1416 4098 scatron.
1433 4022 1491 4081 Mos
1515 4024 1678 4090 enituerat,
1695 4034 1724 4079 ut

1188 1750 1336 1795 auricutut
1353 1752 1459 1794 mlils.

70 4121 202 4180 omnibus
224 4121 313 4178 iacere
337 4129 487 4196 tyrannos,
523 4120 569 4190 qni
600 4117 702 4175 Christi
724 4117 874 4174 Ecclesiam
926 4121 1050 4180 caesares
1062 4121 1097 4178 ab
1109 4121 1317 4196 imperatoribus
1331 4129 1359 4174 et
1373 4119 1500 4192 Augustis
1513 4117 1581 4186 liiii,
1597 4117 1726 4190 quemad·
1825 4137 1833 4150 ·

71 4223 150 4271 tanto
165 4213 257 4270 lurore
272 4221 460 4282 vastaturum,
472 4211 577 4269 debitas
599 4209 754 4284 aequissimo
773 4209 823 4267 bei
832 4210 875 4286 ju·
927 4215 1037 4274 modum
1063 4217 1239 4286 imperatores
1252 4214 1286 4270 ab
1299 4212 1395 4271 iisdem
1409 4209 1617 4286 insectatoribus
1631 4208 1728 4271 iratres

71 4307 146 4364 dicio
162 4321 256 4379 poettas
276 4306 312 4364 ita
337 4305 509 4378 pependisse,
521 4313 549 4362 ut
575 4304 647 4362 nulla
673 4319 767 4361 eorum
792 4303 876 4376 stirps
926 4315 1100 4364 uocarentur.

72 4408 121 4455 aut
135 4399 214 4454 radix
236 4397 416 4455 remanserit!
431 4397 485 4455 Gur
511 4411 562 4470 ego
587 4397 666 4456 unius
689 4403 791 4452 tanturn
814 4395 877 4452 lacit
962 4397 1052 4454 Pauca
1062 4411 1094 4454 ac
1108 4395 1165 4454 lere
1187 4395 1253 4454 nibil
1267 4397 1300 4456 de
1314 4397 1411 4456 Licinii
1425 4396 1497 4454 titiis
1518 4405 1612 4456 tuctur
1633 4408 1728 4456 noster

74 4491 263 4559 mentionem,
278 4503 359 4564 atque
374 4491 443 4548 alios
465 4491 567 4547 omittit
588 4507 656 4566 quos
682 4489 817 4550 Eusebius
831 4488 876 4548 tt·
927 4490 1025 4554 litteris
1043 4489 1204 4562 mandarit,
1224 4491 1282 4550 siue
1301 4491 1362 4566 quia
1381 4507 1412 4548 ea
1436 4507 1491 4550 non
1517 4498 1646 4560 ttoterat,
1669 4491 1727 4549 site

76 4586 144 4642 cinii
161 4585 289 4642 mandato
301 4569 410 4643 necatos
423 4585 505 4642 luisse
515 4593 654 4645 asseverat
665 4585 677 4641 i
928 4585 1089 4658 potiusquis
1105 4587 1215 4644 tacettda
1228 4601 1290 4647 esse
1302 4587 1387 4646 duxit.
1400 4587 1468 4648 Mam
1481 4588 1560 4661 itatius
1573 4603 1626 4646 non
1642 4603 1724 4648 secus

111 4679 205 4749 Meque
216 4677 319 4735 dixeris
343 4679 435 4752 plures
456 4679 594 4736 Maximini
618 4679 747 4738 liberosa
774 4675 875 4739 Cecilio
886 4673 913 4737 b
926 4694 958 4738 ac
968 4677 1138 4736 Constantini
1149 4679 1256 4756 Magni,
1272 4681 1310 4740 uti
1325 4680 1372 4738 ille
1380 4681 1490 4743 tradidit
1502 4725 1509 4750 ‚
1523 4681 1628 4752 studio,
1642 4696 1726 4755 opera

76 4771 238 4839 memorari,
253 4771 378 4831 videlicet
391 4773 463 4830 illius
475 4770 558 4828 lilium
573 4787 604 4827 ac
618 4771 710 4838 liliam,
723 4771 767 4850 qui
780 4771 876 4832 eodeut
929 4780 957 4829 et
979 4773 1079 4846 pietate
1107 4773 1202 4848 religio
1227 4773 1374 4833 christiana
1402 4774 1429 4834 in
1457 4777 1600 4848 pristinum
1627 4784 1727 4832 statum

77 4865 184 4922 Licinio
194 4866 308 4938 jubente
333 4866 456 4924 trucidati
479 4874 552 4925 sunt.
568 4863 637 4922 Nam
656 4862 787 4922 Eusebius
797 4863 831 4920 de
845 4863 878 4918 iis
928 4867 1072 4936 restituta,
1100 4867 1133 4924 de
1158 4869 1278 4942 tyrattnis
1292 4869 1445 4930 mirabilem
1465 4870 1545 4941 triane
1565 4871 1620 4941 cpit
1635 4870 1729 4926 trium·

76 4959 217 5016 Maximini
232 4959 324 5016 ltberis
340 4960 466 5032 loquitur,
481 4973 549 5031 quos
572 4958 618 5015 ille
643 4959 744 5015 iecerat
768 4955 877 5029 imperil
929 4957 1024 5030 pirum.
1051 4959 1109 5018 litte
1122 4961 1227 5018 accedit
1249 4961 1320 5034 stood
1335 4959 1399 5021 ituic
1419 4961 1490 5019 libro
1509 4958 1625 5019 Cecilius
1645 4959 1727 5016 ilnetu

77 5053 119 5109 sui
135 5053 291 5125 participes.
308 5051 362 5112 Sed
378 5053 403 5109 id
417 5053 451 5110 de
466 5053 538 5110 illius
562 5054 685 5129 septenni
697 5049 750 5109 itlia
763 5048 815 5106 dici
831 5065 878 5105 nc·
928 5051 1056 5126 imposuit
1071 5063 1131 5127 post
1146 5053 1238 5112 datum
1251 5054 1285 5112 ab
1299 5056 1396 5112 eodent
1407 5053 1512 5115 Licinio
1526 5053 1553 5114 in
1567 5052 1728 5110 christiano

77 5159 213 5215 quaquam
230 5155 329 5216 potest.
357 5143 511 5218 Perpendas
531 5145 612 5218 igitur
635 5143 714 5202 selim
740 5143 876 5216 quomodo
929 5159 989 5201 runt
1002 5145 1116 5216 grcttiatn
1131 5145 1267 5214 edietum,
1288 5155 1471 5222 etantequam
1490 5160 1538 5204 eos
1552 5145 1676 5218 persequi
1696 5159 1728 5201 ac

77 5235 198 5294 Cecilius
211 5253 303 5294 secum
314 5282 322 5308 ,
335 5250 363 5296 et
377 5255 439 5298 curn
459 5241 575 5300 Eusebio
590 5241 760 5300 reconciliari
785 5252 875 5312 queat.
930 5253 1029 5299 uetare
1054 5239 1193 5311 coepisset.
1209 5238 1304 5298 Nonne
1326 5245 1406 5314 igitur
1428 5255 1493 5296 reto
1506 5240 1571 5296 satis
1583 5237 1672 5296 sitnile
1686 5247 1728 5296 est

78 5327 155 5399 Quod
182 5333 206 5386 si
227 5347 347 5388 errorem
373 5334 445 5390 bunc
470 5333 497 5389 in
526 5332 670 5406 illius,qui
696 5333 793 5392 librunt
818 5331 877 5406 ejus
929 5345 991 5388 eum
1006 5331 1126 5390 noluisse
1151 5333 1269 5390 debitam
1289 5334 1377 5390 eidem
1393 5331 1517 5404 Licittio,
1532 5346 1612 5405 quem
1632 5332 1727 5401 prect-

79 5425 263 5498 transcripsit,
275 5427 435 5500 imperitiam
463 5435 510 5483 aut
535 5428 725 5502 negligentiam
750 5426 877 5502 rejicien·
929 5441 1014 5500 puunt
1029 5425 1157 5485 Ecclesiae
1169 5427 1343 5486 liberatorem
1357 5427 1485 5499 agnouit,
1499 5436 1553 5484 tam
1567 5425 1726 5498 preclarum

80 5521 143 5577 dutn
171 5521 338 5594 contendas,
364 5524 517 5594 doceam,
548 5537 657 5596 quaeeo,
687 5539 741 5597 quo
767 5522 876 5582 tandem
930 5517 1096 5588 obiectum,
1123 5520 1413 5592 commemoratisejss
1433 5518 1655 5598 titiis,pioriatu
1676 5519 1728 5576 tui-

79 5615 160 5672 modo
173 5613 217 5672 bie
227 5630 302 5672 error
313 5615 486 5690 corrigendus
501 5615 548 5672 sit.
929 5613 1037 5672 nuerei

115 5707 193 5776 Quod
217 5717 306 5766 autent
337 5707 507 5766 adorarem
543 5707 680 5766 Maximini
707 5707 877 5784 imperatoris
967 5705 1241 5778 uerunumeuttte,
1261 5707 1523 5777 utimoxditimus,
1544 5705 1729 5766 isteturlsuno

81 5809 203 5872 spectat,
218 5797 262 5854 illu
278 5797 304 5856 in
319 5797 467 5870 Orientetn,
487 5797 566 5859 siettti
583 5800 622 5856 ait
636 5809 728 5859 noster
741 5798 876 5874 Ceciiius,
930 5801 1019 5878 ipsum
1030 5799 1112 5859 luisse
1125 5800 1326 5859 sceleratissimi
1348 5801 1447 5860 Galerii
1469 5804 1600 5869 emicunt,
1616 5799 1730 5860 inmitia-¹

82 5892 109 5953 iu
123 5907 177 5974 quo
191 5889 281 5966 plures
295 5890 409 5954 icmincs
422 5891 467 5953 itte
480 5893 565 5968 mergi
588 5893 726 5969 jusserat,
753 5895 878 5970 praecipi·
932 5911 992 5958 rem
1007 5902 1035 5957 et
1046 5893 1243 5956 consiliarium.
1257 5896 1294 5960 bt
1304 5896 1369 5973 'bac
1394 5896 1530 5973 amicitia,
1546 5893 1729 5970 iambnrins,
