4017 6350
103 310 176 372 test
558 318 634 377 cur.
655 318 701 380 rt.
721 318 854 379 uncus.
876 318 920 377 ue
940 278 1055 381 tenu.
1075 322 1155 381 use.
1173 324 1309 396 censu.
1679 334 1751 395 mse

103 426 383 499 persequtionem
399 430 609 499 compellendos.
638 434 789 493 Lactantius
808 446 898 493 autern
913 438 938 498 Α
954 436 1054 504 missis,
1065 447 1136 495 touta
1152 440 1311 496 erudelitate
1322 439 1350 496 in
1361 440 1408 497 llel
1422 441 1477 497 teri
1491 442 1608 501 ruituras
1622 444 1750 505 christie-

103 521 178 578 ultro
196 520 292 578 latetur
314 522 450 596 (Luctum.
469 526 513 581 lib.
531 542 559 592 r,
576 525 641 583 lntt.
657 546 715 597 cup.
732 528 788 603 19)
812 528 839 585 in
868 544 901 585 ea
951 532 1285 600 medenentense
1300 534 1438 606 religionis
1461 550 1601 594 eversores
1623 538 1749 597 lucebant

102 615 237 685 majorum
250 616 379 687 religione
394 618 615 688 permanendum,
629 634 689 691 quoe
706 636 799 677 uerunt
816 621 899 677 lletnn
951 638 982 681 ee
996 624 1203 683 bacchabantur.

102 706 178 773 colit,
201 724 262 781 qute
287 718 420 767 tormenta
440 711 578 783 quaelibet,
603 726 634 769 ac
659 713 758 768 illatam
785 722 899 769 mortem
989 716 1090 773 beintm
1104 734 1168 774 teus
1182 719 1265 777 iacab
1278 719 1321 777 itis
1338 721 1405 777 tulis
1419 722 1575 792 reiipionem
1593 728 1749 801 cultumque

101 797 220 857 libenter
232 800 341 857 ierendo
358 814 560 875 propugnatur:
582 820 635 860 nou
652 821 715 861 uero
742 806 815 861 illurn
840 820 901 876 quae
951 806 1063 864 deorum
1087 809 1199 874 destrui,
1222 821 1303 882 atque
1325 813 1427 870 ideirco
1454 815 1521 872 deos
1545 817 1580 873 ob
1607 820 1661 875 iliis
1683 822 1751 879 solis

102 891 159 946 veri
188 892 233 947 liei
259 893 360 950 cultum
381 895 517 965 prohibet,
542 904 716 967 conaturque,
739 898 899 955 innocentes
951 897 1023 955 albei
1052 900 1166 971 injuria,
1192 902 1300 971 borum,
1328 905 1415 977 inquit
1440 907 1595 965 Lactantius
1608 908 1747 983 (Luctmt.

101 982 176 1039 viros
190 984 346 1051 occidendo,
362 1000 392 1043 se
405 986 489 1057 ipsam
499 988 578 1045 tueri.
594 987 661 1045 lium
671 987 722 1043 hoe
736 988 899 1060 iniquorum,
952 991 997 1048 tto.
1013 1008 1045 1057 t,
1057 1010 1116 1061 cap.
1130 993 1186 1065 ²⁰)
1200 995 1314 1052 deorutn
1342 1009 1400 1054 emt
1420 1015 1483 1055 suas
1509 1003 1622 1073 injurias
1642 1004 1750 1061 ulcisci.

101 1084 129 1133 et
143 1075 208 1132 illud
220 1076 353 1148 §iustorum
365 1078 504 1137 huminum
516 1081 632 1138 cilicium
645 1090 697 1138 est.
715 1081 786 1138 Nihil
801 1084 902 1153 quippe
951 1084 1012 1143 lion
1032 1088 1105 1143 enim
1121 1088 1172 1145 nisi
1188 1091 1305 1158 potentia
1328 1099 1356 1146 et
1382 1091 1523 1149 divinitate
1541 1094 1664 1153 destituti
1683 1099 1750 1166 sint,

101 1171 188 1241 magis
213 1170 403 1241 volontarium,
427 1190 506 1246 qnam
531 1175 634 1247 religio.
664 1175 737 1233 lions
762 1176 902 1232 enimvero
952 1180 1071 1236 ltttmauo
1096 1179 1384 1251 indigeltanteutiilo,
1411 1186 1524 1253 quode
1551 1187 1667 1245 inimicis
1692 1190 1751 1246 suis
1824 1224 1830 1236 ·

100 1263 204 1319 nullum
219 1274 301 1331 emet,
325 1266 376 1321 uisi
391 1268 425 1322 ab
438 1284 471 1323 eo
486 1266 569 1324 libere
581 1278 700 1335 emotum
716 1268 818 1335 nnllqnt
836 1284 901 1339 pre·
954 1287 1048 1343 poenas
1060 1281 1210 1346 annuerent.
1225 1274 1342 1331 Etcerte
1355 1274 1451 1331 Cicero
1466 1278 1589 1347 perhibet
1601 1281 1629 1336 in
1641 1282 1710 1350 tuis,
1724 1282 1751 1339 id

99 1364 208 1413 cantem
222 1355 306 1423 auoit,
319 1356 371 1413 uisi
381 1366 477 1429 sponte
490 1367 568 1431 etque
583 1375 615 1417 er
634 1360 725 1415 attimo
739 1358 772 1415 ed
790 1375 902 1430 precan-
953 1372 1005 1427 est,
1029 1364 1199 1433 antiquorum
1229 1364 1413 1423 iiotttnnortun
1439 1368 1550 1439 iegibus,
1581 1371 1633 1427 boc
1668 1372 1753 1431 inisse

99 1445 164 1503 dunt
179 1446 305 1504 accedet:
318 1467 328 1502 t
340 1448 443 1521 Religio
457 1452 545 1521 itaque
557 1470 580 1518 t,
595 1450 633 1506 nil
646 1450 802 1507 Lactantius
815 1450 903 1522 loqui·
953 1456 1102 1512 sancitum:
1125 1458 1251 1514 Pietatem
1273 1460 1420 1523 adhibento,
1447 1478 1508 1534 opes
1532 1476 1676 1522 annuento.
1702 1468 1755 1537 Qut

100 1549 153 1607 tur,
174 1542 256 1614 teogi
270 1557 323 1598 non
340 1552 437 1613 potest.
461 1540 558 1599 Verbis
585 1546 673 1616 potins
700 1559 781 1615 quent
806 1544 903 1603 terbe-
952 1550 1175 1617 securissimis
1195 1550 1222 1605 in
1245 1552 1366 1622 ejusdem
1392 1550 1532 1609 Ciceronis
1554 1565 1629 1613 textu
1648 1556 1751 1629 (Cicer.

98 1636 175 1694 ribus
187 1652 231 1693 res
241 1636 343 1706 spendo
358 1646 415 1705 est,
445 1646 474 1693 ιιι
499 1640 534 1695 sit
556 1638 713 1695 veternas.»
740 1638 817 1695 Prius
837 1654 903 1697 tero
954 1642 996 1697 tit.
1008 1642 1189 1716 tudebqiit.)
1205 1657 1233 1700 et
1247 1644 1444 1715 ruginoperunt
1457 1645 1589 1704 lactantii
1602 1650 1755 1720 antiquiore

99 1727 287 1786 Tertullianus
300 1729 421 1787 dixerat:
440 1729 633 1787 tllentusetb
646 1732 730 1787 invito
745 1730 798 1788 ooli
819 1731 900 1796 uolet,
953 1736 1211 1808 codicellorum
1225 1739 1318 1794 nudes
1329 1742 1388 1795 erit.
1417 1739 1587 1813 Quapmpter
1605 1745 1757 1817 Cyprianus

99 1838 134 1879 nc
148 1822 232 1879 bomo
244 1823 360 1893 quidem.
374 1843 383 1877 ι
409 1824 443 1880 Et
465 1838 556 1897 postea
571 1845 579 1883 t
596 1845 605 1880 t
619 1828 740 1899 iniquom
763 1827 901 1883 videretur
915 1834 939 1895 B
951 1828 1061 1885 eusdem
1078 1830 1193 1901 gentiles
1206 1832 1301 1887 endem
1318 1832 1408 1899 modu,
1434 1832 1528 1905 hisque
1553 1838 1643 1893 verbis
1665 1838 1756 1897 insec-

99 1917 202 1975 liberus
214 1918 336 1975 bornlnes
347 1919 443 1975 intuitos
458 1920 589 1991 urgetisd
600 1919 815 1977 secrihetudutn.
830 1920 898 1976 Nem
951 1928 1043 1978 ιιιιιιι
1061 1922 1107 1979 tsi
1120 1922 1183 1993 quid
1206 1924 1257 1979 diis
1281 1924 1333 1981 tuis
1351 1926 1469 1983 numinis
1485 1937 1512 1983 et
1535 1934 1674 1999 potestatis
1698 1944 1751 2000 est,

98 2019 125 2066 et
136 2010 204 2067 elias
216 2011 313 2068 divine
327 2012 365 2068 rei
377 2010 506 2069 iaciendas
515 2013 602 2069 libens
616 2016 722 2071 animus
737 2014 873 2071 iudicitur.
886 2033 897 2068 t
952 2016 1002 2089 ipsi
1016 2018 1042 2071 iu
1055 2016 1184 2074 ultionem
1197 2033 1274 2074 suem
1286 2028 1407 2090 surgant,
1422 2022 1472 2091 ipsi
1494 2036 1524 2077 se
1547 2038 1596 2079 sna
1613 2024 1757 2093 maiestate

101 2100 228 2175 (Tertuil.
240 2103 351 2177 Apoioq.
367 2122 425 2175 cup.
442 2106 477 2161 tt
497 2116 520 2161 ει
538 2123 597 2181 cup.
615 2107 681 2179 28.)
704 2108 757 2165 Sed
777 2108 852 2179 plura
866 2107 901 2164 de
939 2107 1112 2183 ¹delendorum
1136 2119 1181 2165 tut
1204 2110 1268 2182 quid
1292 2122 1422 2182 prestare
1455 2112 1607 2169 colentibus
1630 2125 1754 2185 possunt,

99 2192 271 2251 'lertttlliouo
283 2196 350 2251 inire
365 2198 572 2267 disputabimus.
952 2201 1042 2273 quise
1060 2203 1095 2259 de
1107 2218 1160 2257 nun
1176 2202 1325 2259 colentibus
1341 2205 1477 2259 vindicare
1491 2220 1545 2261 non
1563 2209 1693 2275 possenti
1695 2250 1754 2266 .....

133 2286 358 2360 cbristituiergo
373 2289 430 2345 Ιιιεε
446 2290 530 2361 probe
554 2290 746 2363 intelligentes,
763 2293 899 2349 neminem
953 2295 1056 2352 Pudeat
1078 2306 1104 2352 te
1126 2310 1175 2354 eos
1195 2297 1297 2363 colere,
1324 2312 1393 2366 qttos
1413 2297 1472 2367 ipse
1492 2298 1631 2357 defendis:
1656 2302 1757 2372 pudeat

100 2379 134 2437 ed
146 2380 346 2453 suscipiendam
360 2383 517 2455 religionem
530 2400 606 2441 suem
618 2388 762 2457 erigebant,
773 2394 819 2441 eut
829 2388 855 2441 in
869 2403 902 2443 ca
953 2389 1064 2445 iurelure
1078 2389 1113 2445 de
1126 2389 1159 2444 iis
1172 2405 1293 2459 speram,
1304 2404 1373 2460 quos
1387 2399 1415 2445 ιιι
1426 2390 1484 2459 ipse
1494 2391 1756 2465 tueristidpptiun.

100 2475 255 2532 retinebant
267 2476 398 2532 inuitum:
415 2478 463 2534 sed
476 2494 536 2535 earn
546 2480 631 2537 solutu
646 2496 737 2537 terent
748 2496 810 2536 esse
822 2480 905 2537 dooe-
954 2481 1099 2537 tructannd
1110 2479 1241 2551 licente.)
1255 2482 1289 2537 At
1304 2482 1329 2536 in
1344 2483 1528 2551 superioribus
1544 2484 1644 2540 nostris
1654 2484 1758 2542 disser-

101 2568 178 2636 beut,
193 2569 353 2640 probabant,
377 2570 609 2629 demonstrabant.
630 2573 811 2643 Quamobrem
833 2572 903 2630 Lac·
955 2574 1099 2629 tetionibus
1121 2573 1360 2628 animadvertimus
1372 2583 1501 2643 quantum
1516 2574 1619 2631 ethnici
1638 2576 1691 2633 hoc
1709 2592 1757 2633 nr-

101 2662 205 2719 tnntitts
217 2674 319 2729 noster,
334 2664 561 2735 qtuemuouooun
587 2666 737 2740 Cyprianus
759 2668 902 2742 (cyprian.
953 2676 1083 2739 gumentu
1095 2678 1290 2737 premerentur.

100 2760 174 2812 tract.
197 2757 242 2813 ad.
259 2756 432 2832 lienteriae.)
449 2774 543 2815 otttnes
569 2760 693 2817 ethnicos
713 2770 851 2830 pronoen.
875 2769 906 2819 ιιι
991 2760 1032 2817 nd
1056 2760 1115 2816 hec
1136 2759 1314 2816 turuetbuici
1343 2759 1504 2817 christianos
1528 2761 1582 2818 diis
1601 2763 1756 2821 retribuere

99 2850 228 2907 sineulla
242 2852 266 2906 ti
277 2861 305 2908 ει
319 2852 425 2923 injurie,
441 2851 489 2909 sed
503 2852 575 2907 omiti
589 2867 641 2924 qua
662 2853 778 2924 pollent,
796 2862 904 2910 etntent
954 2856 1087 2927 eugendo,
1098 2856 1202 2911 nullum
1214 2853 1347 2924 ptaneutti
1356 2852 1517 2909 bettedcintu
1535 2853 1602 2910 dote
1616 2865 1752 2926 poterent,

100 2956 130 3001 se
142 2944 309 3017 eloquentia,
320 2961 352 3004 tc
368 2948 491 3005 cominus
504 2946 714 3019 cuttgrediantur
740 2963 802 3004 cunt
828 2932 904 3007 cbri-
956 2964 1009 3005 non
1022 2949 1073 3005 diis
1084 2949 1191 3019 quidem
1207 2966 1214 3003 ε
1230 2948 1301 3020 quud
1319 2948 1391 3001 cuim
1411 2947 1446 3003 ab
1460 2950 1545 3003 invito
1569 2959 1754 3021 extorquetur,

100 3038 207 3108 silantis,
226 3050 253 3096 ει
272 3041 377 3113 singule
393 3058 487 3100 eorunt
508 3042 668 3099 documenta
683 3042 841 3111 discutient,
871 3058 904 3099 tc
956 3041 1022 3097 iilud
1036 3058 1090 3097 uun
1116 3042 1289 3109 sacrifitium,
1305 3040 1353 3095 sed
1366 3040 1518 3096 exsecratio
1531 3050 1583 3096 est.
1594 3040 1664 3109 Quid
1679 3057 1756 3113 tero,

99 3134 121 3191 si
133 3136 249 3205 possint,
263 3134 396 3194 rendunt.
414 3138 485 3196 Petit
507 3138 626 3208 iusuper,
643 3150 672 3194 ut
695 3138 770 3196 clare
785 3136 900 3196 demon·
956 3136 1028 3204 quod
1043 3150 1076 3192 eo
1091 3136 1150 3207 ipsu
1160 3136 1197 3192 dii
1210 3151 1263 3190 uun
1276 3144 1350 3201 sunt,
1360 3134 1405 3206 qui
1419 3134 1459 3189 sic
1470 3134 1505 3192 ab
1518 3134 1619 3202 inuitis,
1633 3145 1660 3191 ut
1675 3137 1758 3208 paulo

99 3234 189 3284 sireni
200 3244 260 3300 qme
275 3227 356 3287 luerit
368 3229 481 3286 deorum
508 3238 536 3288 ei
558 3231 656 3287 rituum
682 3246 792 3288 suorum
814 3230 901 3303 origo,
916 3221 938 3285 C
955 3238 1019 3285 ante
1029 3229 1196 3296 dicebamus,
1213 3229 1307 3284 volunt
1322 3228 1461 3283 bonttrari.
1476 3225 1534 3282 lluc
1555 3227 1669 3293 aceedit,
1683 3228 1756 3299 quod

102 3332 156 3388 qttn
170 3319 224 3374 ritu
239 3319 278 3377 iili
303 3320 453 3377 honorandi
476 3322 541 3386 sint,
566 3337 627 3394 quae
652 3322 680 3378 in
707 3336 800 3378 eorum
827 3322 901 3380 cultu
954 3325 1044 3382 nnlltts
1054 3340 1107 3380 nou
1122 3324 1208 3380 insani
1224 3323 1320 3389 captiuis
1335 3325 1416 3378 bomn
1428 3321 1456 3377 id
1470 3322 1606 3392 postulare
1620 3331 1718 3392 potest.

99 3426 218 3480 merces,
228 3423 277 3470 aut
287 3414 313 3468 in
324 3425 480 3486 contemptu
492 3431 571 3487 poenn
581 3415 704 3472 homines
714 3425 830 3472 titaneat.
846 3415 900 3472 Sed
988 3415 1082 3486 Neque
1096 3415 1177 3470 etiarn
1187 3413 1288 3470 ethnici
1303 3414 1353 3469 bae
1367 3414 1391 3468 ui
1407 3423 1489 3480 atique
1501 3412 1628 3468 uiolentia
1643 3413 1757 3472 benede

100 3505 244 3576 quantavis
255 3507 410 3580 eloquentia
426 3509 566 3579 pollerent,
589 3523 734 3577 numquam
748 3506 774 3562 id
789 3507 901 3563 delinire
953 3507 1109 3564 christianis
1135 3505 1321 3564 merebantur.
1339 3505 1446 3560 Nullum
1467 3502 1600 3576 siquidem
1628 3503 1757 3564 tribuitur

99 3601 419 3670 ansisttn23nedeornm
432 3618 555 3670 sunrttm,
579 3617 647 3673 quos
673 3600 803 3657 mortales
817 3601 899 3658 inisse
953 3603 1055 3657 nolenti
1071 3611 1098 3656 et
1111 3600 1245 3657 recusanti
1266 3599 1437 3656 benrdciom.
1463 3597 1556 3670 Neque
1567 3597 1671 3655 dixeris
1696 3599 1754 3670 pie·

99 3689 206 3749 dilllteri
223 3707 302 3750 uento
317 3703 431 3763 poterat,
446 3706 546 3760 ortum,
558 3710 602 3752 res
625 3703 716 3766 gestes
728 3736 735 3760 ‚
749 3694 899 3760 interitum,
955 3697 1017 3752 tetis
1030 3695 1149 3752 cilicium
1170 3711 1231 3751 esse
1254 3695 1397 3751 consulere
1410 3693 1542 3760 otnnintn,
1566 3702 1647 3764 atque
1672 3695 1755 3752 etiarn

98 3782 226 3853 sepulcre
254 3786 458 3858 paieiacientes,
474 3803 586 3844 summe
611 3787 732 3858 prolecto
757 3788 901 3844 dementire
953 3789 1101 3845 nolentium
1111 3787 1199 3844 saluti.
1216 3786 1282 3842 Nam
1295 3786 1441 3843 crudelitas
1454 3786 1750 3851 reruruiuinesutun

97 3886 287 3947 erqtterentttr.
311 3876 411 3936 Contra
436 3895 501 3936 uero
531 3880 682 3946 christiani,
704 3880 902 3952 quantumlibet
952 3881 1039 3953 pietus
1053 3890 1103 3948 est,
1119 3878 1304 3951 qtnealiornnt
1328 3880 1391 3934 laisa
1416 3884 1527 3934 numius
1551 3877 1644 3934 coiere
1671 3892 1752 3946 recu-

97 3968 181 4026 rudes
199 3979 227 4026 et
244 3969 372 4042 imperiti,
386 3971 563 4028 disertissime
586 3972 809 4028 demonstrabunt
829 3971 900 4028 reti·
953 3973 1071 4030 santium
1086 3973 1165 4028 soloti
1180 3973 1322 4028 cottsuiere
1335 3985 1366 4027 se
1377 3979 1461 4041 putat,
1478 3969 1552 4034 ilios,
1568 3968 1620 4026 nisi
1639 3983 1671 4024 ea
1685 3968 1755 4027 ado·

97 4069 182 4118 tatem
196 4062 411 4136 religionissue.
435 4075 463 4122 et
484 4065 603 4122 otnninm
629 4065 688 4136 ejus
717 4065 900 4122 instituturum
951 4075 1022 4136 rent,
1055 4063 1211 4129 cruciando,
1233 4065 1390 4131 atterendo,
1419 4063 1567 4133 perdendo,
1594 4071 1623 4119 et
1647 4062 1752 4119 interil-

100 4155 284 4211 sanctitatem.
300 4157 370 4225 Quid
397 4171 462 4228 ergo
485 4158 557 4213 aliud
582 4157 644 4213 inde
665 4157 898 4222 concludendumt
951 4159 1058 4216 ciendo.
1088 4159 1237 4228 Eapropter
1265 4155 1404 4212 christiani
1437 4171 1472 4211 ne
1498 4155 1612 4210 minimo
1638 4153 1749 4227 quidem

97 4245 148 4301 nisi
165 4247 234 4319 quod
245 4249 362 4319 reciptet,
376 4248 412 4304 ait
426 4248 592 4316 Lactantius,
613 4259 637 4304 et
651 4249 744 4304 teritus
769 4248 895 4320 loquitur,
951 4252 1066 4318 ltnruini,
1081 4251 1126 4323 qui
1138 4251 1222 4306 ileum
1236 4265 1329 4305 terum
1348 4249 1439 4304 coiere
1452 4248 1572 4314 uolebat,
1588 4247 1642 4303 tim
1669 4247 1751 4304 lacie-

97 4337 196 4397 borum
212 4357 316 4410 terant,
330 4342 438 4399 illorum
449 4342 542 4400 inlsatn
557 4357 618 4398 esse
631 4340 810 4412 religionem?
951 4345 1027 4414 bant,
1043 4354 1072 4401 ιιι
1086 4344 1160 4400 ilium
1172 4343 1294 4416 ingratiis
1304 4341 1415 4398 coleret.
1429 4341 1512 4397 Certo
1531 4343 1631 4413 quippe
1649 4340 1752 4399 certius

137 4436 281 4494 Acerrime
290 4436 378 4493 adhuc
395 4436 450 4491 telu
464 4435 587 4491 ethnicos
599 4432 728 4501 confodit,
743 4433 788 4505 qui
809 4432 898 4504 palem
950 4448 1094 4505 nouerant,
1118 4454 1190 4504 eum,
1217 4437 1262 4509 qui
1288 4437 1383 4501 benni,
1402 4436 1482 4492 sicuti
1498 4440 1551 4506 ‘par
1564 4445 1616 4505 est,
1633 4453 1688 4494 nou
1700 4453 1750 4495 te·

96 4533 315 4592 rociierabantur
326 4532 369 4588 tel
385 4528 420 4586 ob
430 4529 456 4586 id
468 4530 555 4586 sulum
577 4527 727 4599 puniendus
740 4543 801 4584 esso
825 4526 897 4583 cbri-
950 4529 1386 4602 necatur,impietatissuaepmuas
1398 4527 1448 4599 ipsi
1459 4527 1746 4600 aliquandodatnrttm.

97 4629 214 4691 stiones,
240 4623 448 4696 quiamajornnt
472 4636 582 4678 suorum
606 4620 751 4692 religiones
778 4619 937 4687 lunditusD
985 4621 1085 4681 Cotttm
1112 4630 1203 4678 tamen
1227 4621 1328 4676 ethnici
1352 4620 1503 4676 instabant:
1527 4619 1608 4678 Sldii
1634 4619 1747 4692 injurias

98 4719 282 4778 destruebant.
298 4717 357 4774 Nun
374 4718 444 4774 enim
468 4716 539 4781 illus,
566 4714 661 4780 inquit,
686 4714 771 4784 magis
791 4721 898 4770 euerte·
950 4717 1001 4773 sihi
1026 4717 1113 4772 illatas
1136 4714 1255 4770 debeant
1278 4712 1384 4777 ulrisei,
1399 4711 1617 4768 Christianorum
1639 4725 1747 4783 quoque

97 4812 182 4880 bant,
198 4826 278 4884 quam
289 4809 424 4884 AEgypiii‚
439 4807 485 4880 qtti
498 4818 590 4876 mittes
602 4805 703 4862 bestias
722 4814 751 4860 et
774 4806 896 4876 quodem
950 4808 1033 4873 licus,
1049 4809 1072 4864 si
1087 4823 1166 4864 teres
1175 4817 1204 4864 ct
1216 4807 1389 4876 omnipotens
1397 4814 1449 4872 est,
1463 4805 1606 4873 prohibere
1615 4803 1744 4871 debebat,

98 4909 174 4966 dictu
186 4906 320 4980 pudende,
341 4906 376 4962 de
398 4904 496 4978 quibus
512 4918 560 4958 nus
573 4903 649 4970 aiibi,
664 4911 692 4957 et
715 4900 804 4956 adbuc
827 4899 896 4956 inira
949 4917 984 4959 ne
1003 4902 1045 4957 sni
1056 4902 1174 4957 cultores
1184 4899 1437 4956 mutiscrueiatibus
1448 4907 1648 4970 torquerentur.
1663 4897 1746 4968 Atqui

99 5015 222 5074 agemus,
237 5015 287 5071 pro
302 4999 351 5070 piis
366 4998 573 5054 uetueraboutur.
589 4995 647 5052 Nou
659 4994 743 5065 magis
756 4997 837 5050 etiem
849 5009 895 5049 ees
947 4993 974 5050 id
986 4993 1032 5049 ilie
1046 5007 1099 5049 non
1114 4993 1202 5049 solutu
1218 4992 1314 5047 tacitus
1326 4991 1400 5059 sinit,
1411 4988 1459 5046 sed
1473 4988 1604 5059 permittit
1616 4988 1697 5043 etiam
1714 4995 1746 5044 ιιι

99 5093 268 5155 auferebant,
281 5107 360 5163 quam
371 5089 480 5163 ipsimet
491 5089 602 5154 ethnici,
614 5088 660 5161 qui
676 5103 737 5143 eunt
753 5085 896 5142 adurerent
949 5087 1033 5150 aliia
1056 5086 1154 5158 quibus
1176 5100 1320 5156 numquam
1347 5085 1454 5145 colitur,
1480 5082 1589 5148 diuites,
1611 5081 1745 5150 opulenti,

99 5184 167 5243 deos
182 5199 245 5240 sttos
259 5183 286 5239 iu
299 5181 416 5253 templis,
433 5197 490 5249 eos,
505 5195 531 5237 ut
543 5181 606 5238 alibi
620 5179 707 5236 adhuc
717 5177 894 5245 ostendimus,
949 5175 1042 5234 inlices
1052 5175 1207 5247 ciuemque
1217 5178 1379 5233 adsumtum
1389 5173 1573 5231 cttttscendant
1583 5174 1746 5244 dignitatum

99 5278 127 5334 ln
144 5277 255 5333 theatris
268 5275 424 5332 deridebunt
448 5273 506 5330 Nun
520 5273 730 5344 mugisdenique
750 5271 810 5327 illue
832 5283 894 5328 oou·
950 5270 1069 5325 omnium
1085 5269 1194 5340 gradus.
1212 5269 1313 5326 Verum
1340 5270 1394 5337 jam
1407 5263 1522 5320 vidimus
1535 5265 1673 5336 quomodo
1696 5268 1749 5323 boo

99 5369 248 5435 vellebant,
266 5382 346 5439 quant
376 5365 501 5436 Epicurei
526 5371 555 5420 ει
577 5363 622 5420 elii
658 5361 822 5433 philosophi,
850 5361 895 5433 qui
950 5363 1217 5433 argumentumqsite
1232 5368 1360 5432 perpetue
1377 5358 1746 5430 gentiliumquerimottia‚a

98 5460 337 5529 nullosdeos,aut
356 5459 436 5528 siqui
456 5457 520 5526 sint,
551 5455 612 5511 illos
635 5455 702 5510 nibil
731 5464 899 5518 coruscent
952 5455 1068 5511 llinncio
1079 5453 1172 5511 Felice
1186 5453 1324 5510 relelltttur
1336 5467 1369 5507 ec
1381 5452 1509 5508 diluetur.

100 5551 190 5607 omnio
203 5560 298 5621 sponte
313 5561 373 5604 neta
388 5564 460 5616 esse,
475 5547 510 5605 de
532 5547 628 5618 quibus
640 5545 730 5603 adhuc
757 5561 807 5602 nos
833 5547 898 5601 sutis
989 5547 1146 5618 Respondet
1155 5554 1318 5603 veronoster
1328 5541 1484 5600 Lactantius
1494 5544 1608 5615 gentiles
1619 5542 1659 5600 sic
1670 5559 1750 5616 arqu-

99 5645 173 5710 alihi,
197 5653 249 5698 tam
276 5643 447 5713 impudenter
478 5657 557 5712 quun
584 5641 706 5709 imperite
738 5639 898 5695 docueruut.
950 5647 1112 5707 ntentautes,
1138 5640 1227 5694 omniu
1263 5634 1350 5692 metiri
1381 5651 1506 5706 corpore,
1542 5636 1689 5706 cupiditate
1716 5651 1749 5694 ac

100 5739 179 5797 Nulla
189 5753 254 5810 ergo
267 5739 372 5794 ratione
384 5737 498 5808 gentiles
519 5737 561 5792 his
581 5733 707 5790 omnibus
732 5731 898 5799 homiuibus,
951 5732 1100 5802 voluptate,
1114 5747 1167 5786 nou
1181 5740 1272 5784 autem
1286 5729 1388 5792 animo,
1404 5728 1432 5782 in
1445 5745 1496 5800 (με
1513 5727 1579 5790 tolo,
1599 5727 1750 5799 inquinent

101 5832 168 5893 deos
191 5845 255 5892 suos
276 5829 450 5888 irridentibus
472 5839 518 5886 eut
540 5823 711 5902 negantibus,
731 5826 842 5896 impune
856 5822 901 5881 di·
952 5824 1039 5882 homo.
1054 5823 1083 5883 Si
1096 5825 1168 5882 enim
1179 5821 1270 5878 animo
1285 5834 1336 5877 sun
1353 5826 1382 5875 et
1395 5828 1469 5877 recta
1484 5820 1588 5877 radone
1613 5827 1753 5878 uterentur

322 5925 461 5987 Pinnos.
477 5923 548 5988 vlt.
1428 5916 1468 5979 3⁵
