4017 6350
108 322 178 379 mu
557 322 638 380 can.
661 322 691 380 v.
712 320 843 381 aueum
865 320 911 380 oa
931 320 1047 381 vern.
1067 322 1148 381 aar..
1169 322 1306 385 cusan.
1388 328 1393 342 ¹
1457 302 1463 312 '
1688 322 1762 381 aare

107 438 189 495 anius
206 451 224 495 o
247 435 380 495 laticaals
396 434 535 495 eminuas
551 438 723 507 amaritate,
737 439 767 495 is
785 452 840 509 psa
858 436 949 509 ΡΜ
960 436 1090 509 Ιώ,
1104 440 1157 512 pu*
1170 437 1762 516 osuualde-satyromata*

106 533 185 601 ute,
198 531 439 603 lapitharum,
460 530 608 589 Verborum
625 532 698 589 caira
714 531 845 589 lauandi
862 530 908 587 hic
958 534 1008 605 psit
1023 536 1199 593 Μαικία
1209 536 1341 609 who?
1358 536 1454 593 lionae
1474 536 1557 593 stiam
1576 532 1712 591 Eusebius
1726 542 1760 591 et

106 624 161 683 erit
172 638 271 685 sesana
283 641 292 679 a
303 623 429 695 manta
443 624 520 683 urhis
530 625 610 681 ruina
622 634 732 683 cmm
745 634 775 683 et
789 623 908 697 quadra·
958 625 1126 697 hagam
1133 625 1762 700 mamistrensishmappellant

106 717 183 791 ginta
202 718 280 774 annis
292 715 405 775 anteivit
418 716 538 787 rituam,
553 717 580 776 id
589 727 643 787 aot,
656 717 827 777 &huon
838 758 846 786 ,
857 716 908 790 qn·
961 715 1068 789 (unu.
1078 717 1213 777 inchoo.
1228 722 1263 777 ut
1273 736 1336 779 sss.
1352 720 1442 791 etum
1452 721 1563 796 Aequa.
1574 721 1625 777 eo.
1636 735 1707 777 anta
1723 720 1762 776 ds

108 820 172 885 past
182 810 315 871 Davidem
336 812 467 884 regnaut.
481 811 541 869 ileu
555 812 631 871 aas
648 812 775 884 quidam
790 810 908 883 unqua
959 810 1037 869 cluit.
1049 830 1107 887 cup.
1123 814 1183 889 35),
1196 815 1335 889 hggaam,
1345 816 1521 886 zachariam,
1538 824 1567 874 et
1578 814 1760 873 ilalacbiaml

107 904 287 977 mmraipti
300 918 354 963 nm
367 903 512 963 modian
523 906 622 963 rettveti
639 905 722 963 lectis
732 905 849 961 ahorum
860 918 909 961 aa·
959 906 1055 968 Nonne
1069 910 1179 967 andem
1196 911 1260 969 huic
1271 913 1420 981 llalachiae,
1436 928 1492 971 noa
1510 922 1601 970 autem
1619 909 1759 969 zacharie

107 1002 256 1074 tiqauoran
273 1000 427 1057 amasam
442 1000 608 1059 iirmretur.
624 1000 707 1058 liubit
727 1008 817 1059 maan
835 999 909 1057 hauri
959 1004 1071 1061 altimus
1083 1003 1111 1060 in
1124 1006 1209 1061 sacris
1222 1002 1318 1065 emitte
1332 1008 1407 1064 iocus
1424 1006 1503 1063 datus
1519 1004 1579 1063 esti
1589 1002 1761 1077 Responderi

107 1110 181 1167 agre
189 1094 399 1167 pamadebttnr
411 1108 503 1151 veram
513 1108 575 1151 este
588 1094 661 1153 illias
674 1094 908 1169 iahmicodieia
959 1096 1033 1154 haud
1043 1099 1136 1169 inepte
1149 1107 1239 1170 potest
1254 1097 1306 1155 hos
1323 1106 1380 1156 tres
1393 1098 1566 1171 prophetase
1577 1096 1700 1171 pluribus
1719 1096 1759 1155 si-

107 1192 274 1257 lentione-3
285 1189 504 1262 qundoquidem
514 1189 578 1247 dae
591 1190 693 1246 ultime
711 1189 809 1247 littere
825 1190 908 1261 haita
960 1189 1017 1245 mul
1027 1190 1180 1258 nominari,
1192 1192 1255 1262 quia
1264 1199 1345 1247 atate
1355 1204 1487 1263 suppares
1496 1191 1616 1249 luerunt.
1627 1190 1759 1249 ilitinmm

107 1284 231 1341 nummis
242 1282 352 1338 dim
362 1290 507 1355 potamum
518 1281 599 1338 iacile
610 1282 645 1338 ab
654 1281 810 1355 ntiqalore
821 1280 910 1337 mniba
960 1296 1028 1340 vero
1049 1284 1140 1340 ioctnu
1161 1283 1191 1340 in
1205 1283 1295 1339 saeris
1311 1283 1409 1340 simiis
1425 1283 1647 1342 mastichatum
1664 1284 1759 1341 dmm

107 1385 136 1435 et
149 1375 397 1448 ahaliisdeiaeeps
406 1374 507 1431 omini.
518 1374 617 1433 Utrum
629 1388 711 1447 purae
723 1375 760 1432 ita
772 1374 911 1433 resaeha
961 1386 1090 1447 censent3
1107 1376 1234 1451 quoniam
1244 1376 1353 1435 badam
1368 1392 1422 1435 non
1432 1380 1471 1435 ad
1490 1380 1585 1452 tempti
1603 1379 1761 1437 edificatio-

107 1470 183 1537 beat,
198 1469 243 1525 al'a'
252 1467 383 1540 heduam,
396 1482 507 1541 pernas
522 1469 596 1527 lieet.
962 1486 1025 1528 nem
1042 1470 1223 1541 adhortatur,
1239 1472 1288 1529 sed
1302 1473 1338 1529 ob
1355 1482 1499 1545 corruptos
1512 1488 1619 1543 mores,
1630 1482 1660 1531 et
1672 1475 1761 1531 cultas

145 1564 281 1623 vitemur
291 1572 382 1623 mera
393 1564 496 1622 librarii
508 1564 662 1621 termatius
675 1560 854 1634 tieem-ipsisne
864 1578 913 1621 an·
962 1564 1046 1622 divini
1060 1564 1278 1637 depravationem
1293 1566 1444 1639 redarguit.

109 1670 210 1714 scrin
223 1672 383 1727 ameum
395 1670 480 1729 quern
493 1656 648 1714 banstins
662 1656 914 1715 mbamdlsetsa·
998 1658 1133 1714 emeram
1145 1657 1369 1716 hactanttasnon
1381 1657 1639 1716 aliesaneconstiie
1650 1670 1759 1715 onaan

109 1750 227 1807 iunctae
237 1750 355 1821 intueris
368 1750 401 1807 ad
413 1748 515 1808 Christi
531 1764 618 1821 asqae
626 1758 742 1808 mortem
756 1750 912 1821 cremavit.
965 1752 1038 1807 iiiam
1051 1752 1136 1808 texuit
1151 1750 1326 1810 hebraeorum
1338 1752 1454 1823 Ducam,
1466 1751 1602 1819 lodicum,
1616 1760 1645 1809 et
1654 1750 1762 1825 liegutn

110 1844 150 1903 he
164 1844 271 1903 havide
285 1845 419 1917 siquidem
428 1845 488 1903 hec
504 1844 550 1902 ilie
565 1844 687 1902 tradidit.
703 1862 715 1898 r
730 1842 849 1917 Spiritum
862 1844 913 1901 hei
927 1840 950 1905 Β
963 1843 1165 1917 chmnologiam
1175 1886 1184 1913 ,
1194 1844 1246 1900 nisi
1264 1852 1294 1901 ut
1306 1844 1433 1901 amendat
1443 1858 1539 1903 sacros
1552 1844 1699 1917 prophetas
1712 1858 1762 1901 saa

110 1951 233 2008 paean
253 1937 426 2009 laqaelmar,
441 1940 489 2009 qai
503 1936 592 1995 iuverat
605 1950 734 2008 passum
747 1946 811 2008 pest
824 1950 912 1994 aavms
962 1938 997 1995 de
1010 1936 1131 2009 christo,
1144 1947 1173 1996 et
1183 1938 1301 1995 stabilita
1311 1939 1346 1995 ab
1358 1952 1393 1995 eo
1404 1938 1535 2010 religione
1546 1940 1658 1997 oracula
1679 1939 1761 2011 iunge

109 2032 186 2089 mille
202 2040 232 2089 et
250 2032 453 2105 quinquaginta.
469 2032 523 2089 'iet
537 2032 610 2089 enim
629 2032 791 2105 caligantur
809 2032 874 2089 anni
892 2044 911 2088 a
962 2038 1042 2087 antea
1055 2029 1168 2099 fudisse,
1181 2046 1262 2103 quam
1277 2030 1468 2105 ipsechristus
1486 2040 1566 2089 natas
1582 2040 1763 2104 monmuqm

109 2125 332 2197 regnabasidad
343 2140 451 2183 eneeaa
462 2124 573 2182 iibristi.
586 2144 596 2177 r
610 2124 650 2182 ile
663 2122 809 2182 Salomone
819 2132 910 2182 auten
962 2124 1053 2181 iacnt.
1064 2125 1099 2181 at
1111 2126 1233 2196 momnis
1252 2126 1312 2182 baec
1332 2124 1507 2198 chronologia
1527 2126 1560 2182 ad
1578 2138 1674 2183 omnes
1692 2123 1764 2197 iuris

109 2226 188 2275 antea
202 2218 321 2275 diruat:
332 2217 370 2275 th
383 2218 529 2275 &inmune
540 2232 626 2285 nsque
640 2215 673 2274 ad
687 2217 713 2274 id
727 2226 845 2290 tempas,
858 2232 912 2290 quo
961 2217 1053 2288 apices
1077 2215 1209 2272 adornata
1232 2232 1289 2273 non
1315 2216 1470 2284 videretur;
1496 2231 1531 2272 ea
1559 2216 1640 2274 dictis
1667 2226 1759 2274 umen

108 2326 155 2369 res
177 2318 255 2385 gesta
273 2320 361 2381 sat,r
388 2311 415 2370 vt
427 2320 486 2382 cst,
499 2310 626 2369 Christum
642 2312 716 2367 cruci
729 2310 909 2381 irritatores,
962 2316 1070 2365 constat
1083 2320 1178 2365 acran
1197 2321 1260 2365 esec
1276 2307 1349 2363 hane
1361 2308 1437 2365 itlius
1458 2308 1762 2380 parumcunque

113 2404 213 2462 emilie
225 2418 258 2461 ac
272 2402 368 2462 meva
380 2404 445 2461 anni
457 2404 576 2461 lucum.
593 2403 666 2460 Nihil
679 2416 730 2461 sus
743 2402 910 2477 aiitoglmns,
962 2410 1017 2459 tam
1042 2409 1135 2470 certo,
1159 2413 1241 2472 qaam
1259 2400 1402 2459 evidemer
1423 2402 1613 2459 mmanurari.
1641 2400 1762 2459 Primum

112 2497 180 2553 nihii
202 2497 338 2555 additare.
354 2516 366 2551 s
380 2497 465 2554 lieete
480 2495 604 2569 quidun.
619 2495 686 2552 llam
699 2496 726 2552 ai
736 2496 830 2553 demas
844 2510 913 2568 qna·
962 2496 1034 2551 enim
1047 2496 1117 2552 sacri
1126 2498 1267 2567 propbeta
1277 2498 1376 2567 nomri,
1387 2498 1508 2569 mpauio
1520 2497 1696 2556 antedictum
1706 2506 1762 2568 est,

110 2591 234 2664 draginta
247 2592 369 2649 haldini
382 2591 566 2663 regniannos,
579 2590 765 2647 milletaatum
779 2591 911 2648 et'deeem
962 2587 1053 2645 usuri
1071 2596 1135 2645 sant
1156 2588 1208 2645 snb
1220 2603 1275 2661 qno
1295 2602 1360 2662 rege
1381 2596 1429 2645 aut
1446 2590 1566 2661 principe
1585 2590 1694 2647 oracnh
1713 2602 1763 2647 oua

110 2684 298 2755 adulturae,
314 2684 373 2757 eius
387 2684 446 2742 ilio
457 2692 671 2753 etsnceessore,
687 2696 776 2755 arque
787 2682 822 2739 ad
837 2696 912 2741 mer·
962 2680 1108 2739 ediderint.
1134 2680 1237 2739 hande
1261 2682 1470 2752 sizacharias,
1483 2693 1530 2741 aut
1544 2684 1572 2741 sl
1590 2684 1660 2741 velie
1676 2682 1762 2741 hats-

110 2784 164 2834 tem
183 2776 285 2835 Chrtati
310 2792 404 2835 neaera
430 2776 594 2835 immadi
613 2782 686 2833 sant
705 2774 911 2833 humanitem
962 2772 1178 2845 chias‚ultimua
1196 2776 1389 2849 prophetarum
1410 2776 1615 2850 quadringentis
1632 2778 1693 2849 plus
1714 2784 1762 2835 aut

109 2884 174 2928 nera
186 2872 225 2927 sit
235 2871 297 2928 bae
308 2870 427 2929 moris
436 2870 523 2927 nostri
535 2870 640 2941 opinio,
655 2868 679 2925 si
688 2880 786 2941 reges,
796 2882 912 2941 respen-
962 2868 1052 2926 minaa
1066 2868 1145 2927 annis
1154 2878 1219 2927 ante
1237 2866 1376 2927 Chnstum
1390 2872 1503 2938 vixerit,
1520 2866 1584 2927 inde
1597 2864 1763 2927 maniiestis-

109 2966 236 3023 dmin
253 2966 336 3037 paulo
348 2965 440 3036 ptum
451 2962 491 3021 ab
505 2964 643 3021 veteribus
662 2961 840 3035 darcmtngls
850 3004 858 3031 ,
870 2962 912 3022 ati
962 2962 1030 3019 sime
1044 2962 1180 3035 colligitur
1189 2960 1258 3021 ahos
1270 2962 1427 3035 propbetas,
1443 2960 1495 3020 suh
1505 2959 1642 3035 priorious
1653 2962 1763 3020 ludeo-

109 3072 143 3115 ex
153 3058 333 3131 qaorum
348 3056 540 3129 chmaalcgia,
562 3057 671 3115 anobis
683 3054 748 3115 aiibi
760 3070 912 3131 repraesen·
960 3074 1022 3115 rum
1032 3059 1147 3117 ducibus
1159 3073 1191 3116 ac
1199 3055 1310 3132 regibus
1323 3058 1438 3132 longiori
1452 3058 1542 3115 adhuc
1556 3063 1679 3130 tempore
1697 3063 1763 3115 ante

110 3158 164 3210 tata
179 3160 265 3225 patet,
279 3166 365 3210 antus
372 3151 537 3225 conputari
559 3152 596 3210 ht
611 3166 667 3211 nen
684 3154 786 3212 damni
797 3153 908 3227 quidam
961 3156 1099 3216 cirriatnm
1120 3156 1265 3216 hominurn
1277 3154 1425 3232 thamisae.
1444 3154 1628 3227 Quamobrem
1645 3154 1762 3213 Lactan-

109 3261 143 3305 aa
155 3248 351 3306 maminthus
362 3247 589 3322 maternaque
602 3249 636 3306 ab
651 3263 685 3306 eu
703 3257 842 3322 teaipore,
856 3239 945 3324 qaoG
963 3244 1026 3320 tius,
1037 3261 1068 3309 ut
1080 3249 1208 3310 brevitati
1221 3249 1386 3320 consuleret,
1397 3249 1465 3308 alios
1482 3260 1583 3322 praeter
1599 3244 1761 3306 zachariam

110 3341 195 3400 matt
204 3355 256 3399 rer
265 3341 441 3414 hseguratus
454 3351 507 3412 est,
521 3341 556 3399 acl
570 3342 707 3400 Christum
726 3359 810 3416 usqae
823 3358 910 3404 annos
962 3345 1073 3405 nomine
1087 3361 1138 3403 suo
1158 3345 1196 3404 ihi
1218 3361 1273 3403 non
1288 3343 1444 3418 appellavit.
1458 3342 1514 3418 ipsi
1535 3343 1675 3400 enimvero
1686 3342 1761 3400 hunc

113 3437 196 3506 toti,
209 3437 348 3509 sutpaatu
360 3438 423 3511 pias
436 3437 585 3495 autminus
599 3437 707 3511 elapsus
719 3435 805 3496 tuisse
820 3437 912 3496 existi·
962 3437 1096 3506 ultimum,
1107 3443 1154 3496 ant
1168 3436 1269 3495 ultimis
1280 3451 1402 3496 cuavum
1414 3437 1569 3494 nominasse
1576 3433 1741 3494 sufficiebat.

111 3541 197 3591 ment.
996 3529 1037 3586 ile
1051 3527 1218 3602 singolorum
1233 3517 1316 3601 porro
1333 3527 1526 3602 prophetarum
1545 3536 1625 3587 etate
1643 3528 1721 3601 plura
1737 3525 1762 3586 si

145 3627 209 3683 huo
218 3624 509 3684 ecmaneehactrarta
523 3625 655 3700 propheta
665 3623 821 3685 Lactantius
832 3625 913 3701 (hrc-
962 3623 1111 3694 desideres,
1126 3622 1170 3680 adi
1181 3621 1517 3681 Clementishiexandrini
1528 3621 1627 3680 librum
1641 3618 1761 3696 primuni

111 3717 457 3792 tnat.,ilit.l‘iheophilaar
469 3717 911 3794 hntiochenumiibeoptrit.lib.nt
961 3718 1147 3787 stromatum,
1172 3717 1285 3792 ejusque
1309 3716 1573 3794 chronographiam,
1593 3733 1673 3790 qaam
1698 3729 1762 3774 cum

110 3817 144 3870 ad
169 3815 304 3886 niolae.)
323 3826 452 3883 secutas,
476 3823 585 3885 hamat,
606 3827 638 3872 ac
662 3815 778 3888 primurn
802 3815 910 3888 quidem
962 3813 1024 3873 aliis
1036 3813 1209 3874 contulimus.
1223 3811 1295 3888 Lege
1309 3813 1433 3884 etiamsi
1449 3807 1630 3887 veiis,Cyrilii
1643 3809 1761 3870 hieran·

110 3906 246 3963 iilamaui
267 3905 436 3979 arnamar,
449 3907 560 3964 serundo
578 3923 646 3965 mano
660 3909 808 3982 regnlcjua,
823 3919 912 3970 octauo
962 3906 1033 3966 drini
1048 3907 1146 3966 librum
1169 3907 1285 3981 primum
1301 3915 1395 3965 contra
1408 3905 1560 3976 lulianum,
1574 3905 1758 3978 atquevarios

110 4013 213 4068 masc,
226 4010 278 4056 sva
289 3997 388 4058 litteris
398 4000 543 4058 mandasse
559 3999 679 4058 oracula.
701 4002 735 4058 Et
755 4009 828 4062 recte
849 4005 910 4076 qui·
963 4001 1034 4060 inter
1042 4001 1208 4060 recentiores
1221 4001 1418 4073 chronologos,
1430 3998 1612 4073 scaligerum,
1631 4014 1664 4057 ac
1680 3997 1761 4058 Peta-

111 4090 184 4150 dem.
200 4093 268 4150 Nam
285 4093 338 4152 hec
354 4095 445 4167 ipsum
461 4095 610 4170 prophetia
628 4111 685 4154 suae
698 4105 803 4170 tempus
816 4097 863 4157 ilie
878 4097 912 4158 ab
962 4095 1047 4164 vium,
1060 4093 1178 4151 bunede
1191 4093 1326 4158 doctrina,
1336 4093 1412 4149 illum
1428 4092 1463 4150 de
1483 4089 1673 4150 emendatione
1689 4103 1759 4150 teru-
1990 4132 1991 4169 ,

111 4187 197 4259 ipsius
208 4187 269 4247 iibri
286 4189 329 4248 sal
346 4189 424 4248 initio
436 4189 537 4249 diserte
550 4189 705 4250 declaravit.
723 4193 759 4250 ht
772 4193 805 4250 at
819 4211 849 4251 co
862 4210 911 4252 au·
962 4205 1075 4266 pomm,
1092 4205 1124 4248 ac
1137 4187 1327 4261 chmnoiogiaa
1338 4188 1366 4244 in
1380 4183 1474 4244 Bibliis
1493 4183 1650 4261 polyglottis
1666 4187 1762 4261 iurgii·
1990 4174 1991 4179 ’

113 4289 178 4352 tem,
200 4281 286 4356 pergit
299 4284 464 4353 Lactantius,
481 4295 609 4358 tenpore,
625 4301 676 4358 quo
689 4285 831 4344 Zacharias
845 4289 910 4362 suit,
963 4285 1086 4354 caninat
1096 4281 1167 4352 aliis,
1181 4279 1266 4338 iatine
1279 4291 1307 4338 et
1323 4278 1419 4353 gallico
1432 4277 1560 4336 idiomate
1572 4279 1670 4339 editas.

114 4389 194 4448 arque
207 4375 241 4430 uri
254 4391 351 4432 uanum
364 4379 482 4447 quintum
496 4377 622 4434 decinmrn
637 4379 737 4456 inrpcrii
746 4377 842 4437 Tiberii
856 4381 912 4438 Ca·
1000 4376 1123 4448 lienique
1135 4373 1291 4432 baruntius
1301 4390 1335 4431 ex
1349 4372 1402 4444 his,
1411 4389 1471 4446 quae
1483 4373 1616 4432 hactenns
1625 4374 1761 4447 disputata

113 4469 190 4539 tuns,
205 4469 385 4541 quolibrirtus
399 4471 539 4542 amitinus
554 4481 601 4541 ert,
616 4489 694 4546 prope
707 4472 839 4548 quingenti
850 4476 912 4532 unni
963 4475 1037 4540 eunt,
1052 4477 1127 4528 recte
1138 4465 1274 4528 concludit
1292 4482 1396 4524 sacram
1411 4461 1578 4539 Scripturam
1593 4467 1629 4527 ab
1645 4465 1762 4526 ethnicis

113 4574 301 4634 cummanum
330 4565 456 4637 siquidem
482 4563 559 4624 ilarii
584 4575 608 4624 ct
632 4567 773 4624 Alexandri
798 4569 911 4628 adoleuit
964 4563 1101 4622 immerito
1120 4563 1247 4621 novitatis
1263 4563 1350 4636 argui.
1369 4557 1438 4618 Nam
1462 4563 1636 4635 antiquiores,
1657 4561 1760 4638 inquit,

113 4665 189 4715 etate
207 4673 261 4716 non
275 4657 356 4717 multo
371 4670 504 4732 postquam
519 4659 674 4734 Tarquiniae
693 4661 826 4736 Superbus
838 4639 952 4722 eane-D
965 4661 1042 4716 etiam
1056 4658 1149 4732 grecia
1168 4655 1343 4727 scriptoribus
1359 4656 1490 4730 propheta
1502 4655 1667 4731 reperiuntur
1685 4655 1763 4727 (bae-

115 4751 384 4828 hermitorium,
410 4769 434 4824 ις
450 4753 568 4812 metunt.
583 4755 629 4813 tit.
643 4771 680 4826 tv,
696 4774 753 4832 cup.
772 4757 830 4832 it).
850 4757 915 4818 iiaea
966 4759 1030 4809 tunt.
1051 4750 1095 4807 tib.
1113 4763 1157 4818 tv,
1179 4763 1235 4823 cap.
1256 4743 1297 4821 b).
1311 4747 1347 4804 ht
1361 4745 1389 4805 ld
1408 4755 1482 4806 certe
1495 4763 1588 4806 verum
1610 4755 1668 4817 est,
1687 4747 1709 4802 si
1728 4743 1763 4804 do

114 4853 204 4904 autem
226 4859 287 4904 cam
309 4855 422 4921 unaque
446 4847 555 4906 Eusebii
577 4857 605 4908 et
625 4844 773 4908 Clementis
797 4850 914 4910 hieran·
964 4845 1057 4920 hloyse
1080 4843 1216 4918 loquatur.
1246 4842 1395 4902 Enimvero
1414 4842 1493 4902 ilium
1513 4841 1683 4913 Scriptorum
1703 4854 1764 4898 om-

116 4939 185 4998 drini
198 4942 535 5014 chronographia,eecum
550 4959 566 5000 a
579 4944 658 5000 nobis
671 4943 735 5001 alibi
748 4947 914 5018 composita,
965 4943 1041 4998 nium
1055 4955 1118 4999 esse
1134 4939 1351 5012 antiquissimum
1371 4937 1444 4995 haud
1465 4937 1551 4995 mmai
1568 4935 1597 4992 in
1619 4936 1765 5008 superiore

116 5035 181 5093 satis
190 5033 366 5094 concordant.
380 5035 440 5110 ipse
453 5053 519 5096 vcro
531 5035 663 5096 Eusebius
675 5035 769 5096 olioin
783 5037 852 5098 libro
864 5055 912 5100 an·
967 5035 1120 5108 Antonius
1143 5034 1229 5091 riustri
1255 5042 1329 5090 tomo
1357 5030 1534 5088 osmndimua.
1558 5027 1660 5086 Verum
1683 5028 1767 5086 sicuti

116 5141 166 5186 nos
179 5127 233 5188 tea
244 5137 367 5187 numerat
377 5129 411 5187 ab
428 5145 461 5188 eo
475 5139 611 5204 tempore,
625 5146 679 5206 quo
691 5131 834 5192 zacharias
845 5129 915 5192 vati·
968 5137 1072 5190 eertum
1087 5137 1128 5186 est
1141 5127 1223 5197 hunc,
1237 5137 1266 5185 et
1278 5126 1346 5184 alios
1358 5124 1488 5199 quosdam
1502 5123 1650 5196 prophetas
1662 5120 1765 5178 Graecia

117 5221 266 5290 cimbatnr,
281 5237 365 5294 usque
382 5223 415 5280 ad
427 5223 576 5297 Augustum
598 5221 781 5284 homanorum
794 5226 914 5302 inpera-
969 5223 1108 5296 praeivisse
1117 5222 1309 5295 scriptoribus,
1321 5221 1358 5277 ita
1373 5219 1456 5278 etiam
1466 5216 1581 5274 minime
1594 5215 1704 5274 dubium
1719 5215 1766 5272 vi·

120 5325 215 5376 torem.
225 5315 283 5375 lion
290 5318 362 5375 maie
376 5317 632 5390 itaqueaLuctantio
640 5323 804 5380 nostroanni
820 5333 916 5382 notan·
969 5316 1049 5375 detur
1061 5315 1141 5374 utica
1155 5315 1266 5373 Eusebii
1283 5323 1311 5373 ct
1327 5313 1442 5371 aliorum
1457 5308 1672 5368 accuratioribus
1685 5308 1769 5365 citro·

120 5409 917 5491 tarpmpequingentiabeodemzaeharitetemporc,usqua
970 5409 1085 5483 nologiis
1093 5409 1241 5482 colligitur,
1252 5405 1383 5480 quosdam
1397 5417 1433 5460 ea
1451 5403 1511 5461 istis
1531 5399 1665 5460 Zaeitaria
1683 5399 1769 5458 inisse

120 5501 152 5560 ad
166 5517 266 5561 annum
278 5499 381 5560 'liberii
392 5503 507 5562 cesaris
522 5501 645 5578 quintum
668 5523 749 5580 supra
769 5503 913 5570 decimum.
971 5503 1141 5562 vetustiores.
1158 5501 1194 5560 ht
1207 5515 1269 5557 curn
1280 5494 1413 5556 Lactantii
1427 5495 1576 5568 propositio
1589 5492 1701 5551 deonna
1712 5507 1769 5550 non

153 5595 280 5654 Secundo
293 5591 438 5653 Zacharias
459 5611 474 5654 a
496 5595 636 5654 Lactantio
653 5597 751 5657 dieitur
770 5599 918 5676 propheta·
971 5597 1015 5664 sil.
1029 5611 1080 5654 ¹180
1097 5593 1445 5664 11111111111181111111111111
1466 5603 1561 5646 11111111
1578 5583 1689 5642 1111111110
1703 5598 1770 5656 1110·
1986 5590 1987 5609 .

120 5703 178 5746 runt
198 5689 318 5746 ultimus.
333 5687 368 5742 itt
379 5701 470 5747 nonne
483 5687 608 5746 Clemens
624 5688 824 5751 Alexandrinus
842 5709 919 5754 asse·
972 5689 1067 5762 phetas
1078 5683 1299 5759 0⁰mtliel¹0¹¹di¹r
1315 5681 1381 5738 1111111
1397 5692 1509 5740 11101511
1522 5688 1565 5738 111
1578 5676 1726 5748 1011111111
1738 5683 1772 5734 ⁶²

121 5777 749 5862 venaticieutanrdieuandr.iii.vStrom.)hnc
763 5787 858 5846 codem
871 5791 920 5847 za.
973 5781 1008 5839 de
1030 5796 1060 5839 re
1082 5779 1186 5838 institui
1214 5775 1434 5848 disputationem.
1461 5771 1505 5831 hd
1532 5761 1772 5828 demonstrandam
1800 5796 1808 5806 -

124 5873 214 5940 charia
228 5873 407 5950 posteriorem
427 5875 510 5943 iuissc
523 5875 699 5955 Malachiam,
712 5882 768 5955 vei,
780 5878 850 5944 sicut
862 5883 921 5956 ipsa
975 5875 1048 5938 enim
1061 5887 1145 5936 sacra
1158 5869 1305 5943 scriptmae
1316 5865 1504 5943 antiquitatem
1517 5861 1583 5927 satis
1592 5856 1632 5922 llll
1641 5868 1701 5920 erat
1710 5875 1774 5932 pm·
