4017 6350
240 338 298 409 tat
913 332 1073 413 uuonan
1089 352 1217 413 cunam
1418 368 1421 374 v
1833 360 1880 419 aaa

148 491 150 495 ,
242 464 381 542 innuptus,
396 468 495 541 quippe
512 466 556 540 qui
576 473 668 539 postea
683 466 885 534 Constantiam,
899 466 1071 532 Consua-A
1086 479 1173 525 teram
1188 470 1216 524 in
1229 467 1325 525 Politia
1339 468 1390 527 SS.
1406 468 1516 527 Petram
1532 468 1720 543 metrophanis
1731 481 1759 528 ct
1773 472 1882 529 blesan-

241 539 290 596 tini
304 555 443 607 sororem,
457 540 483 597 ia
500 556 609 598 trxotcm
625 542 721 607 braxin
737 550 764 596 et
779 541 923 597 uerisimile
937 540 1032 595 admo·
1084 540 1125 597 tiri
1136 543 1206 609 apud
1221 540 1346 597 l‘laotium
1362 542 1511 598 Maxentius
1525 554 1638 599 vocatur
1648 540 1799 619 ἀδελφιδοῦς
1810 550 1880 613 uait-

240 608 305 667 llum
317 622 369 679 est,
382 611 515 669 Valeriam
529 613 610 669 abeo
627 613 661 670 dc
673 611 902 671 connubioinisse
914 614 1033 683 appella·
1084 610 1188 686 pea'aoo.
1211 612 1369 668 adscribam
1392 621 1477 669 lotum
1502 614 1609 680 iocum,
1633 616 1696 685 quia
1724 616 1790 671 milti
1813 618 1886 675 aelle

182 694 187 703 ·
240 682 437 755 tamillaanquc
457 683 564 748 eonem,
579 700 633 756 qun
649 684 822 740 Maximinum
841 684 965 753 rejecita
1000 699 1032 738 u-
1084 699 1145 741 esse
1164 682 1435 741 ridetnrintricatns.
1452 684 1548 741 Seuera
1572 686 1801 753 morbaexliaeto,
1821 686 1886 743 liei-

241 761 334 809 meuto
349 769 423 809 usarn
438 770 513 811 esse:
525 758 587 825 qaia
597 760 672 828 araim
682 756 814 811 eratillixa
823 758 933 811 aemuia
942 771 973 809 ac
1009 757 1032 809 ci
1084 756 1152 823 nixa,
1166 756 1210 825 qui
1222 770 1337 810 carerem
1350 754 1494 811 Couatautii
1503 757 1640 829 eouiapear
1651 756 1771 824 buitim,
1785 758 1886 827 impera·

239 826 370 897 laminam
388 827 444 881 aiae
461 844 542 893 aiore,
562 830 619 883 aiae
635 827 766 898 exemplo,
780 827 901 881 maritatur
923 827 1033 882 alteram
1083 828 1129 891 ait,
1145 828 1269 896 reliquam
1286 827 1399 882 Drieatia
1413 838 1512 897 partem
1529 828 1708 885 Maximianus
1728 830 1819 883 texuit.
1836 843 1886 888 tte-

238 897 357 967 x‘cpert'rt'.
373 896 466 968 Neque
479 899 552 953 euitat
570 900 664 967 tideo,
679 912 760 969 quatu
776 898 856 955 elium
875 898 911 955 ob
922 912 1031 954 Canem
1082 900 1177 965 ξέιτιος
1190 897 1217 954 δὲ
1227 908 1273 961 τῆς
1283 901 1349 956 κατὰ
1359 897 1456 973 Ῥώμην
1468 896 1551 977 ἦρχεν
1562 899 1712 975 ἀδελφιδοῦς
1723 899 1756 956 διο
1770 904 1885 975 Maiiam·

239 974 294 1022 ietu
313 968 495 1036 signiticauter
509 970 625 1027 dixisset
637 970 808 1036 melantiae,
825 984 885 1025 eettt
900 985 930 1025 ee
945 971 1032 1025 caedi·
1083 975 1139 1026 νοῦ·
1154 972 1198 1027 καί
1209 974 1260 1048 γὰρ
1282 970 1296 1027 δ
1315 972 1362 1043 μὲν
1379 969 1408 1032 ἦν
1429 974 1585 1045 Μιιξιμιανοῦ
1601 974 1743 1059 arpoxipnn,
1760 972 1774 1028 δ
1789 972 1816 1031 il
1836 986 1886 1031 Διτ-

238 1037 312 1095 disse
323 1039 478 1107 Maximino,
491 1058 521 1097 ea
534 1044 647 1099 maxime
659 1042 727 1113 aare
746 1040 852 1097 babebat
866 1056 992 1107 uxorem·
1005 1049 1033 1097 et
1082 1042 1226 1101 maaianai.
1252 1040 1398 1097 Mnaeatiaa
1422 1056 1480 1099 uere
1508 1042 1597 1098 Dama
1618 1046 1779 1111 imperabat,
1801 1048 1886 1129 fratris

237 1124 308 1176 mm,
322 1112 361 1165 uti
376 1126 436 1168 sese
455 1112 582 1181 babebat,
601 1128 713 1170 narrare
732 1128 815 1169 ansus
831 1127 886 1168 nou
898 1121 956 1180 cst,
970 1114 1031 1182 quia
1084 1112 1237 1167 Maximiani
1251 1114 1331 1182 ptiar.
1349 1110 1382 1168 Ml
1394 1112 1436 1168 itia
1449 1114 1550 1182 quidem
1573 1126 1628 1169 erut
1650 1114 1807 1171 Maximiani
1821 1118 1888 1187 prio-

237 1180 308 1238 iuter
320 1181 527 1241 Constantinum
542 1194 569 1241 et
588 1185 721 1241 licinium
739 1185 815 1239 iirma
830 1193 888 1239 erat
901 1184 1031 1250 amicitia,
1083 1184 1131 1249 aia,
1146 1184 1211 1239 alter
1223 1200 1281 1239 aaa
1293 1183 1448 1240 Diocletiani
1461 1186 1540 1255 pitina.
1550 1184 1607 1259 Mqo
1620 1195 1698 1242 certe
1711 1187 1756 1241 vix
1769 1202 1814 1242 mc
1829 1188 1888 1243 binc

237 1267 299 1309 cnm
320 1254 365 1310 bic
381 1254 489 1311 libellus
508 1255 596 1312 editus
613 1254 673 1311 iuit.
696 1256 762 1312 Cum
786 1254 868 1327 igitur
888 1254 1032 1310 Maximino
1084 1256 1198 1321 extrica,
1213 1268 1347 1327 speroque
1359 1256 1428 1311 alios
1449 1256 1573 1312 inventos
1595 1257 1638 1323 iri,
1653 1256 1700 1327 qui
1721 1257 1820 1313 nodum
1835 1261 1889 1314 sol-

237 1324 321 1380 etiam
342 1326 446 1382 nubere
464 1327 557 1392 nollet,
572 1327 682 1401 pellitur
698 1326 731 1383 ad
750 1341 784 1382 en
804 1328 830 1381 in
844 1326 955 1383 exilium
969 1341 1031 1383 cum
1083 1334 1261 1397 rent;ncque
1289 1330 1362 1383 enirn
1390 1326 1489 1383 lectum
1517 1327 1592 1392 mibi,
1609 1328 1776 1385 Maxentium
1798 1340 1888 1385 natum

236 1407 336 1463 matre,
351 1398 541 1469 relaxaturque
550 1400 577 1455 iu
591 1399 719 1467 ipuaslaru
735 1398 857 1454 desertas
869 1398 954 1471 Syria·
967 1399 1031 1453 soii·
1082 1396 1166 1455 inisse
1180 1398 1271 1461 iratae,
1288 1398 1439 1455 velserore
1462 1398 1628 1461 Maximiani,
1645 1414 1708 1455 euna
1722 1401 1829 1472 genitus
1854 1403 1888 1457 eit

236 1467 356 1534 tediatus,
384 1483 435 1525 nee
458 1470 581 1540 precibus
601 1470 757 1526 Diocletiani
775 1470 883 1526 verriana
902 1470 1032 1541 consequi
1081 1466 1208 1526 Marcialio
1222 1480 1249 1527 et
1265 1470 1392 1540 Eutropia
1402 1468 1481 1543 Syra.
1503 1470 1670 1542 Suspicabar
1696 1487 1889 1541 nonnunquam

235 1540 333 1611 potnit,
345 1554 405 1611 cap.
420 1540 456 1596 ab
466 1550 493 1597 et
510 1541 556 1597 ll.
571 1541 744 1611 Tandemque
758 1540 875 1597 Licinius
888 1539 960 1597 iilius
973 1557 1030 1596 ma·
1083 1540 1172 1597 iocum
1183 1549 1388 1611 corruptumst
1399 1542 1480 1596 rerba
1490 1543 1735 1611 trataspositaesse,
1745 1544 1889 1613 etquidem

236 1610 342 1681 trisque
359 1610 458 1668 artace
470 1612 555 1682 capita
569 1612 769 1669 Thessalonicae
787 1612 921 1684 amputari
939 1612 1029 1679 'ussit,
1082 1611 1161 1666 initia
1174 1612 1353 1684 legitimare,
1369 1614 1505 1686 Maliapime
1518 1613 1609 1687 δπιῑχι
1629 1613 1779 1689 ἀδελφιδοῦς
1792 1613 1826 1669 in
1838 1628 1888 1671 tua-

235 1693 297 1750 cap.
311 1677 358 1748 et,
370 1685 447 1754 cuins
459 1686 540 1741 rerba
554 1695 678 1755 corrupta
695 1683 734 1741 ibi
751 1686 910 1741 emendabo.
927 1628 1030 1741 Metan-
1081 1685 1216 1757 ξιμιονοῡ;
1233 1700 1295 1740 uana
1319 1684 1480 1740 Maximinus
1503 1683 1643 1742 Orieratem
1666 1688 1763 1749 tenuit,
1788 1686 1888 1754 luitque

235 1752 300 1808 nam
315 1762 414 1822 anteat,
433 1756 553 1812 Adonem
572 1756 763 1824 Viennensem,
775 1772 800 1827 p.
822 1756 875 1813 tue
892 1755 1027 1827 Martyrol.
1082 1771 1177 1811 sturme
1187 1754 1287 1813 Galerii
1301 1755 1454 1811 Maximiani
1465 1757 1596 1841 genitus:
1618 1757 1719 1814 deinde
1741 1756 1887 1813 baenilia

233 1824 365 1892 e'cribere,
391 1826 473 1882 iniiam
494 1826 651 1883 Diocletiani
673 1829 844 1897 imperatoris
860 1842 875 1882 a
894 1827 1031 1883 daemonio
1049 1824 1434 1931 B‹licitnrliliusMaximiani,
1447 1826 1574 1882 namirnm
1588 1826 1721 1895 Mercalii3
1732 1829 1886 1891 alternare,

234 1908 370 1964 vexatam,
389 1908 471 1969 atque
488 1916 502 1953 a
522 1900 552 1957 S.
568 1900 628 1957 ilito
645 1899 768 1956 oratioue
789 1908 921 1967 curatam,
935 1901 990 1955 itno
1004 1915 1032 1971 p.
1087 1898 1129 1953 tel
1143 1896 1267 1955 Galerius
1281 1897 1470 1965 Maximianus,
1486 1899 1558 1954 lilius
1574 1898 1755 1967 Diocletiani,
1814 1902 1837 1955 ia
1855 1901 1887 1955 ab

232 1966 280 2036 aa,
301 1969 422 2027 eamdem
442 1972 533 2027 vocari
547 1971 748 2038 Artemiam,·et
766 1986 782 2025 a
802 1970 915 2044 Cyriaco
934 1970 1033 2028 libera·
1086 1984 1119 2024 eo
1134 1970 1286 2039 adoptatus,
1301 1978 1329 2024 et
1342 1968 1424 2023 liliam
1440 1968 1499 2039 eins
1515 1968 1633 2026 babebat
1645 1915 1833 2027 uxoremad
1846 1973 1888 2027 ni·

235 2050 291 2099 tam
302 2041 449 2108 aemonio,
463 2058 496 2099 ac
515 2044 676 2114 baptizatam
691 2044 790 2109 irrisae;
806 2056 924 2113 moxque
943 2043 1033 2111 ipsum
1087 2039 1124 2094 lail
1140 2042 1207 2096 certi
1224 2033 1465 2110 detrimentaque
1490 2040 1549 2095 laec
1575 2042 1701 2111 relinqua
1715 2044 1887 2099 excutientia.

233 2112 345 2178 attae,
367 2114 426 2186 ipso
445 2125 567 2186 ternpore
584 2114 758 2170 Maximinum
773 2114 1034 2170 interiecissesoru-
1086 2110 1244 2175 Maxentius,
1274 2110 1297 2166 si
1326 2110 1452 2167 Tristann
1474 2112 1620 2178 credimus,
1655 2128 1772 2169 uxorem
1797 2115 1889 2169 laabuit

233 2200 293 2242 xern
306 2198 382 2239 suana
395 2183 555 2242 Artemiam.
570 2186 676 2253 Quibus
687 2186 711 2241 si
723 2185 787 2257 quid
804 2186 860 2239 aeri
874 2184 955 2250 inest,
972 2185 1034 2239 Dio·
1087 2180 1212 2255 Maqnam
1228 2182 1359 2247 Urbicum,
1376 2182 1457 2236 liliam
1477 2182 1579 2239 Galerii
1604 2199 1637 2239 ex
1653 2185 1745 2254 priore
1763 2185 1889 2257 conpage,

234 2255 368 2313 oletianua
397 2256 465 2312 duas
489 2256 557 2311 illias
580 2257 714 2325 babuerit,
738 2270 852 2313 neccsse
873 2266 934 2322 τοι,
956 2256 1034 2324 elque
1087 2268 1120 2308 cx
1136 2269 1187 2327 qua
1203 2254 1348 2310 Romulum
1362 2254 1422 2307 viro
1438 2264 1512 2323 patre
1532 2264 1667 2309 mortuum
1688 2266 1889 2312 consecratum-

234 2328 293 2395 illa,
308 2342 369 2397 quae
380 2330 469 2385 occisa
483 2327 593 2395 dicitur,
608 2327 704 2385 cariem
718 2344 779 2385 cum
795 2327 887 2395 priore
902 2329 1032 2394 bacinia,
1085 2338 1149 2396 que,
1163 2335 1190 2381 et
1204 2328 1286 2381 alium
1301 2326 1385 2380 fliium
1400 2324 1502 2397 gennit,
1529 2324 1574 2395 qui
1602 2340 1664 2381 enm
1691 2338 1778 2383 matre
1793 2328 1891 2383 tiicitnx

234 2398 318 2455 scribi
333 2398 415 2455 debet
428 2398 614 2467 Maximianus,
635 2399 762 2456 nimirum
782 2397 900 2454 Galerius
909 2400 1034 2469 ,uqnippe
1084 2398 1185 2452 vixisse
1198 2396 1287 2453 adbuc
1301 2397 1406 2453 dnobus
1421 2404 1484 2451 ante
1498 2394 1601 2452 cladem
1616 2397 1715 2455 uiebns
1732 2416 1738 2449 :
1756 2400 1825 2455 rrnle
1841 2414 1889 2469 pa·

233 2470 280 2552 qui
295 2482 418 2527 sororem
437 2472 496 2543 ejus
513 2470 644 2528 Valeriam
662 2472 781 2528 babebat
801 2472 828 2525 iu
847 2470 1031 2535 matrimonio,
1086 2468 1220 2541 raepyrista
1238 2477 1330 2524 aarum
1343 2467 1505 2524 Maxentium
1525 2476 1584 2522 aare
1596 2468 1704 2523 ildaxm
1717 2471 1888 2541 palatioemi-

235 2555 367 2612 euamque
392 2552 482 2613 potest
505 2542 557 2599 diei
581 2542 732 2611 occidisse,
754 2541 919 2599 interliciens
942 2543 1034 2598 uxoris
1084 2556 1181 2611 maiae,
1194 2548 1218 2594 et
1230 2556 1287 2594 cnm
1298 2554 1377 2595 rixare
1391 2549 1415 2594 et
1425 2539 1480 2611 pilio
1493 2538 1521 2593 ia
1534 2538 1665 2609 priuatam
1678 2542 1784 2595 lamam
1801 2552 1889 2612 sponte

232 2612 290 2669 eaiae
311 2628 478 2683 germanam.
497 2614 550 2671 sen
573 2626 711 2670 utiterum
732 2613 828 2678 iamet,
843 2613 914 2669 baud
937 2628 1033 2685 magna
1085 2611 1246 2667 concurrisse.

233 2682 303 2740 Dies
315 2686 447 2754 ejusmodi
460 2688 616 2742 auctoribus
626 2685 748 2743 adiailaeri
760 2694 860 2757 potest.
1122 2682 1239 2738 Severus
1264 2680 1348 2739 liliam
1363 2680 1456 2737 babuit
1484 2682 1664 2752 Seruianam,
1680 2682 1720 2739 uti
1735 2692 1841 2739 conetm
1859 2699 1887 2739 ex

272 2754 452 2812 Maximianus
479 2757 618 2815 Mercruius
645 2770 757 2813 uxorem
781 2756 875 2812 laabnit
901 2754 1033 2811 Valeriam
1085 2766 1146 2824 cap.
1171 2752 1215 2818 eo,
1239 2768 1336 2809 taoutcn
1364 2754 1457 2809 uxoris
1481 2760 1510 2809 ct
1537 2764 1680 2823 pareutum
1709 2757 1886 2825 iacrrgnitum.

234 2824 400 2899 Matropiaia,
413 2844 473 2899 qnae
484 2840 547 2886 ante
559 2845 593 2886 ex
607 2829 718 2885 lanmine
728 2829 798 2901 Syro
811 2827 1033 2898 gerattcratheo·
1086 2825 1227 2880 Trisaanns
1241 2824 1470 2887 ariaitratur,e1nn
1486 2828 1605 2894 penitam
1617 2837 1679 2881 esse
1694 2840 1789 2881 sorore
1804 2826 1887 2880 Maxi·

233 2897 337 2965 darom,
361 2899 402 2954 rel
428 2898 547 2957 Flauiam
570 2899 757 2956 Maximianum
784 2897 1034 2970 blandorumque
1086 2898 1169 2952 miani
1184 2894 1284 2952 Galerii
1301 2912 1308 2951 :
1326 2895 1514 2953 seozmlaans
1529 2907 1555 2951 et
1572 2897 1889 2969 Aureliusiietnr,qnns

233 2967 326 3041 nupsit
338 2969 497 3028 Constantio
512 2972 630 3041 Claloro;
647 2972 872 3029 ilercnlioautcan
891 2982 973 3043 nupta
985 2987 1033 3043 qe-
1085 2968 1187 3035 lartrdat,
1204 2966 1269 3022 titan
1283 2976 1384 3022 tantuna
1400 2968 1434 3023 de
1446 2966 1554 3022 Galeria
1570 2968 1726 3035 Maximino,
1745 2968 1813 3023 Daaa
1825 2977 1888 3021 ante

232 3042 291 3097 unit
302 3041 474 3099 Maxentium.
1084 3038 1227 3111 imperium
1242 3038 1327 3105 aliato,
1339 3047 1560 3094 commemorant.
1583 3040 1614 3094 Mt
1635 3040 1658 3095 si
1672 3039 1725 3095 boe
1737 3039 1831 3095 iuisam
1845 3055 1887 3095 re·

269 3113 443 3170 Constantius
454 3114 586 3183 Cblorns,
601 3131 663 3173 cnna
677 3114 769 3173 Caesar
783 3122 934 3182 crearetur,
948 3129 1032 3186 repu-
1085 3125 1157 3178 tuan,
1174 3124 1226 3165 non
1243 3120 1317 3181 puto,
1333 3109 1470 3165 Galerium
1491 3110 1680 3165 Maximianum
1697 3109 1761 3165 illuri
1779 3111 1888 3166 eiiciatin

233 3183 309 3242 (liare
321 3198 432 3242 coactns
444 3199 486 3244 est
497 3187 639 3257 Helenam,
654 3188 697 3244 ael
709 3187 951 3253 concubinaaa,sel
964 3201 1030 3243 can·
1084 3183 1314 3250 oblitteraturum,
1342 3195 1403 3238 cum
1429 3181 1614 3252 alloqueretur
1635 3182 1842 3246 Diocletianum.
1863 3192 1887 3238 et

231 3257 335 3328 jugem,
350 3273 383 3313 ex
400 3275 453 3329 qua
468 3269 546 3314 nataae
558 3261 610 3332 ipsi
629 3269 689 3317 erat
702 3259 896 3319 Constantiana,
910 3267 1004 3329 postea
1019 3275 1034 3314 a
1048 3260 1071 3325 C
1087 3269 1149 3310 cnm
1163 3267 1198 3311 eo
1220 3254 1255 3310 de
1278 3253 1430 3310 Caesaribus
1458 3253 1584 3311 creandis
1612 3262 1720 3326 ageret,
1738 3268 1798 3324 cap.
1816 3253 1849 3311 le
1864 3263 1888 3309 et

233 3331 326 3383 lerum
338 3339 474 3401 gestarum
486 3331 570 3401 gloria
584 3331 697 3404 Mapmta
715 3331 819 3395 uictum
836 3338 864 3384 ct
879 3329 906 3384 iu
917 3343 1032 3386 uxorem
1088 3324 1132 3382 ta.

233 3396 313 3454 tinxit
345 3399 462 3456 Mexeuiii
487 3403 635 3472 pritipraam
664 3403 857 3465 Themioram,
890 3415 950 3470 qnae
982 3401 1033 3474 ipsi
1122 3399 1155 3456 C.
1171 3396 1298 3454 Valerius
1312 3395 1472 3451 Maximinus
1482 3410 1562 3466 quem
1574 3395 1645 3452 male
1660 3394 1774 3466 Maymo,
1793 3397 1886 3462 aaran,

232 3469 341 3597 peperit
367 3471 547 3542 Dalmatiam,
575 3474 783 3539 Consentium,
812 3471 1032 3539 Annibaliauunr,
1087 3469 1210 3526 Seuerum
1232 3468 1405 3522 Maximinum
1417 3477 1514 3533 uocat,
1537 3477 1616 3522 natus
1639 3467 1687 3522 init
1701 3481 1796 3522 satore
1811 3467 1886 3524 Cala·

257 3543 440 3607 plastentiam,
464 3545 631 3615 Etatrnpiam,
650 3552 679 3601 et
703 3542 892 3605 Anastasiamz
919 3559 1034 3615 qnattttn
1086 3543 1119 3597 rii
1136 3540 1302 3597 Maximiani.
1321 3537 1524 3608 iipitomeiiict.
1550 3558 1558 3596 ε
1583 3538 1703 3593 Galerius
1719 3537 1885 3603 Maximiani,

234 3625 288 3665 atara
302 3613 392 3681 nupsit
407 3613 527 3680 Licinio,
541 3616 578 3670 uti
594 3623 667 3686 patet
678 3632 711 3671 ex
725 3629 784 3686 cap.
800 3613 853 3668 lb:
871 3611 906 3669 tta
924 3617 1033 3682 nuliam,
1086 3629 1175 3668 sorore
1186 3611 1340 3668 Araaenlatrii
1353 3611 1513 3682 perpetuitas,
1528 3627 1635 3681 aeraque
1654 3612 1756 3664 naariae
1769 3621 1831 3664 aute
1839 3611 1884 3664 im·

234 3679 397 3738 Coaatantiai
409 3700 523 3739 acrorem
537 3685 638 3740 Licinio
652 3702 706 3741 esre
719 3686 885 3755 desperatam,
901 3687 1034 3741 existitim-
1087 3685 1187 3756 perium
1201 3683 1274 3738 Daxa
1301 3682 1383 3736 aliatus
1395 3698 1405 3735 .·
1416 3681 1478 3736 itatle
1492 3681 1616 3738 Galerius
1635 3681 1812 3736 Maximianus
1827 3696 1884 3736 enan

233 3753 270 3808 xit
295 3754 450 3879 affinitatem
469 3756 543 3810 illam
557 3756 666 3812 nuaram
687 3756 876 3828 inapcratoram
895 3767 985 3812 eontra
1008 3773 1036 3814 ee
1086 3769 1146 3840 cap.
1165 3755 1198 3812 t8
1212 3753 1330 3824 appellat
1345 3752 1445 3824 affinem
1457 3768 1543 3822 auam,
1563 3763 1592 3810 et
1606 3753 1636 3808 P.
1655 3753 1773 3808 Diacono
1792 3753 1885 3806 aiicitur

234 3839 302 3895 capa
331 3825 363 3880 ri.
381 3827 413 3882 tu
427 3826 489 3898 qnia
502 3827 655 3884 'l'la'codnrae
674 3829 787 3884 vitricus
808 3836 866 3882 erat
880 3827 950 3883 Max.
967 3829 1035 3885 iler-
1087 3827 1158 3898 filias
1171 3829 1267 3881 amoris
1283 3823 1398 3890 Galerii,
1412 3825 1455 3880 cui
1468 3833 1559 3881 tannen
1575 3823 1646 3880 male
1662 3822 1793 3878 Maximam
1807 3837 1884 3898 roca·

234 3897 334 3963 culitis,
358 3898 421 3953 inde
433 3899 606 3955 Ctaustautins
626 3897 754 3965 Chlorus,
778 3914 803 3955 c.
825 3898 872 3961 29,
887 3899 946 3968 ejus
959 3917 1036 3972 perier
1087 3907 1140 3954 tur.
1157 3899 1299 3955 Tristauus
1311 3894 1415 3963 scribit,
1435 3894 1572 3950 Znainntm
1586 3909 1646 3949 earn
1663 3891 1753 3951 iacere
1768 3907 1884 3950 sororem

235 3974 369 4026 vocator:
387 3967 629 4026 balaamitarum
639 3974 818 4042 imperatorem
828 3985 951 4042 panarum
961 3989 1035 4027 mant
1087 3968 1239 4026 Maximiani
1255 3967 1391 4024 Mercuiii:
1405 3969 1452 4022 secl
1467 3967 1536 4038 apud
1551 3981 1613 4022 euin
1628 3966 1695 4021 nilail
1708 3966 1883 4028 taieinxeuin,

237 4037 361 4124 (propter
376 4041 503 4096 Fattstam
519 4042 643 4115 uxorem)
659 4045 744 4115 peracri
765 4042 865 4110 pilium,
888 4043 949 4098 dola
965 4045 1034 4099 malo
1087 4047 1240 4114 quanquam
1267 4039 1339 4096 irlean
1368 4038 1474 4094 tradant
1502 4037 1669 4098 Mnirnannus
1694 4045 1723 4093 et
1738 4037 1834 4092 Morari
1859 4039 1883 4090 ia

235 4113 447 4177 numunianum:
468 4112 494 4167 id
516 4123 568 4183 est,
589 4113 739 4171 Consumit
762 4113 856 4168 Clrlnri
880 4111 973 4184 litium,
989 4115 1036 4188 qni
1087 4112 1195 4170 Lexicis
1207 4113 1273 4168 suis.
1290 4109 1388 4167 ilxuris
1402 4123 1500 4167 ttouten
1514 4112 1652 4180 tainorum
1665 4123 1727 4178 cap.
1739 4107 1882 4194 ὅμαιμοι

235 4181 422 4257 Theodoram,
433 4181 582 4257 priuignam
596 4187 725 4251 ilercuiii,
739 4185 854 4242 duxerat
866 4186 893 4240 in
910 4202 1035 4255 taxarem,
1089 4185 1116 4239 in
1131 4188 1260 4241 orantem
1281 4182 1446 4252 praecipitata
1469 4191 1521 4246 cst,
1547 4193 1573 4235 c.
1596 4181 1642 4238 eta.
1658 4180 1774 4236 Sustnltt
1796 4193 1882 4262 exea

234 4262 360 4326 quaeque,
377 4270 431 4310 aon
446 4266 545 4323 mater,
559 4257 607 4313 scd
622 4271 735 4313 raiarerca
752 4251 811 4313 cra't
824 4255 1006 4314 Constantini.
1088 4255 1250 4312 Maximinus
1270 4253 1353 4308 illium
1368 4262 1396 4308 et
1413 4252 1497 4307 iriiana
1511 4251 1605 4308 Licinii
1617 4251 1697 4324 jussu
1706 4251 1822 4317 occisos,
1837 4249 1883 4305 aba

271 4323 463 4383 Cerastantiuus
489 4328 600 4400 Magnus
624 4327 743 4386 Merculii
770 4329 923 4385 Maximiani
952 4329 1034 4385 liliam
1088 4327 1162 4383 ticin
1178 4327 1231 4382 sen
1245 4336 1417 4394 tamemcap.
1433 4322 1480 4390 tt,
1497 4324 1565 4392 plina
1579 4321 1629 4388 illi,
1651 4337 1705 4379 non
1718 4321 1800 4378 blinm
1815 4329 1842 4377 et
1855 4322 1881 4374 li

235 4396 381 4463 minorem,
406 4395 533 4454 Faustam
559 4402 678 4470 nomine,
706 4401 782 4457 duxit
796 4401 823 4455 in
843 4415 955 4456 uxorem
974 4420 980 4456 ι
1000 4401 1035 4457 ita
1090 4397 1165 4467 liant,
1179 4395 1326 4453 tribunall
1340 4394 1517 4450 illebaleutiia
1531 4394 1717 4461 reminierit,
1734 4407 1787 4447 aaa
1803 4401 1882 4458 naar,

235 4480 296 4537 cap.
308 4467 356 4535 27,
368 4467 548 4544 Panegyricus
563 4473 658 4527 trrccru
673 4472 806 4537 auctoris,
825 4483 852 4528 aa
871 4473 937 4538 τιὴ
955 4473 1037 4544 itque
1088 4479 1164 4543 atam
1177 4487 1229 4524 aaa
1240 4469 1292 4532 ute,
1310 4465 1487 4522 litteralium
1500 4466 1554 4521 aua
1567 4473 1639 4521 amu
1651 4466 1808 4548 amit-ug
1821 4479 1880 4547 rap-

235 4551 298 4594 ctuta
314 4542 399 4609 prima
413 4541 486 4598 iilius
501 4559 569 4597 uxor
580 4542 725 4600 Mineruiae
739 4544 812 4599 dicari
826 4543 947 4599 obiisset.
962 4545 1037 4614 Quaas
1089 4541 1181 4613 tirqae,
1198 4542 1258 4608 filiii
1270 4548 1293 4593 ct
1305 4553 1395 4604 uxore,
1415 4548 1440 4593 et
1462 4538 1551 4607 porscia
1570 4552 1602 4592 en
1623 4537 1721 4606 prolatio
1743 4537 1880 4598 cominius,

235 4617 265 4666 et
276 4619 345 4681 qum
356 4609 458 4669 liberas
474 4615 615 4681 babarerit,
639 4626 731 4671 notram
751 4616 818 4671 eatis
831 4624 889 4681 ent,
903 4615 1035 4687 locetque
1048 4654 1077 4716 D
1091 4615 1178 4684 petiuit
1194 4609 1334 4667 Orientem.
1350 4610 1419 4677 Quin
1434 4616 1462 4665 et
1476 4623 1537 4680 cap.
1554 4607 1589 4664 tib
1605 4608 1747 4692 iilius-ejus·
1762 4607 1881 4661 maximm

234 4682 367 4752 praeclare
380 4681 493 4740 illustris
508 4685 547 4740 Du
562 4686 663 4757 Gange.
1089 4693 1254 4739 memoratur
1277 4699 1284 4734 ι
1309 4679 1397 4752 ipsius
1422 4697 1520 4752 qnoque
1542 4678 1680 4734 Mammiae
1706 4679 1787 4748 libam
1811 4691 1880 4731 mam

272 4751 423 4811 Maxentius
437 4756 510 4813 iilius
520 4757 571 4812 luit
584 4757 736 4813 Maxiruiani
751 4757 869 4814 Herculii
883 4767 964 4829 atque
978 4759 1033 4814 Eu·
1088 4757 1229 4811 maaimnua
1242 4762 1357 4824 apeuteaa
1370 4755 1397 4805 iu
1408 4753 1482 4807 anaia
1495 4761 1562 4818 eolo,
1584 4762 1608 4806 et
1627 4751 1710 4819 iliam
1731 4759 1878 4830 septennem,

235 4825 341 4896 tropice.
363 4826 431 4883 lium
445 4843 559 4900 pueram
579 4830 657 4887 antae
677 4831 765 4885 laiadat
785 4829 906 4885 Mamert.
923 4845 983 4901 cap.
1000 4829 1034 4886 ll
1087 4843 1145 4898 aaa
1155 4827 1280 4896 tlerpataaa
1288 4833 1342 4878 erat
1354 4822 1517 4880 carettum
1531 4823 1647 4878 anama.
1664 4821 1766 4878 Verum
1782 4835 1804 4874 sa
1815 4820 1878 4902 iil·

234 4895 368 5022 Paraegjtr.
383 4897 438 4955 Seii
449 4904 565 4972 prosecta
580 4910 679 4956 mature
690 4901 736 4957 illc
746 4903 870 4956 elriceacet
885 4901 960 4966 aliea,
976 4920 1034 4957 euru
1089 4915 1135 4955 res
1151 4898 1221 4952 salins
1235 4897 1382 4961 imbuisset,
1397 4911 1450 4952 aton
1464 4903 1538 4951 certe
1549 4894 1649 4950 obiitne
1661 4893 1758 4977 linisset
1771 4891 1878 4971 aternus

235 4981 279 5022 aaa
290 4971 316 5022 oi
335 4978 375 5024 eat
388 4971 472 5026 licam
484 4973 602 5040 amtorem
613 4982 637 5028 et
647 4974 758 5029 alacrem
769 4975 815 5028 arab
825 4977 930 5028 lectae
939 4974 1033 5043 lilium,
1087 4986 1136 5027 ens
1152 4971 1307 5025 interimere
1321 4985 1327 5021 :
1345 4969 1416 5023 natale
1440 4967 1530 5036 prinre
1555 4967 1615 5021 loco
1638 4965 1753 5048 plumam
1778 4975 1879 5044 namatio

233 5055 309 5110 quem
323 5041 358 5094 ati
372 5041 562 5100 bancaliaaimas
572 5057 639 5101 artes
654 5046 771 5100 amnibus
791 5045 886 5116 irtpeuii
900 5046 971 5099 boaria
984 5063 1031 5100 ua·
1087 5042 1158 5098 iorte
1169 5041 1249 5098 etiarn
1262 5038 1317 5108 pilia
1328 5039 1415 5103 uenit,
1433 5037 1459 5092 iri
1472 5037 1543 5108 quoti
1556 5036 1657 5092 iactura
1669 5034 1763 5101 iutssc,
1778 5047 1878 5115 expiato

234 5119 289 5164 tam
303 5112 367 5182 {elia
381 5114 475 5183 alirpxa'a
494 5128 637 5200 preceptor
653 5126 789 5185 exparctat,
806 5117 847 5169 eni
860 5117 933 5171 nullo
947 5117 1035 5172 lraborc
1088 5113 1159 5171 cirili
1176 5123 1267 5184 patet,
1283 5109 1407 5166 etaltera
1424 5109 1554 5166 Moxitaas
1568 5118 1611 5162 est
1623 5121 1724 5190 numera
1739 5119 1875 5177 prupnuan,

234 5183 361 5239 constabit
372 5185 484 5239 diuinam
493 5190 711 5260 aaarnartalemqae
722 5190 868 5261 propetriena
878 5189 913 5241 ati
922 5190 1035 5242 aturliurn
1088 5187 1142 5242 taisi
1156 5187 1286 5246 tlicaauns,
1306 5190 1369 5236 natu
1380 5181 1514 5238 minarent
1527 5180 1554 5234 iu
1569 5179 1630 5249 iuga
1644 5177 1729 5234 luisse
1741 5185 1875 5233 tuottttuttt·

235 5251 323 5309 lanata
337 5257 444 5311 laeetani.
460 5259 526 5313 Euan
542 5269 631 5314 lanima
645 5261 806 5330 aaapposilum
818 5259 899 5326 {uisae
914 5257 1035 5314 Herculio
1088 5257 1154 5314 Maur
1169 5256 1237 5311 duos
1251 5252 1426 5308 Maximinum
1444 5252 1515 5333 lilios¹
1538 5251 1664 5334 imbuisse
1687 5249 1791 5306 arnum
1810 5245 1877 5299 clato·

235 5335 292 5380 orte
306 5325 452 5396 Eutropia,
467 5341 550 5384 tenne
566 5333 652 5386 mariti
663 5334 777 5386 anianum
791 5330 931 5385 laborantia
945 5331 1036 5400 anapi-
1087 5328 1187 5386 tincerc
1212 5325 1355 5391 Etasebius,
1371 5325 1417 5380 lib.
1433 5339 1462 5378 tx
1485 5323 1609 5380 litstnraa·
1626 5322 1733 5378 Ecclcs.
1747 5329 1874 5402 extretuq:

240 5395 282 5450 cia
295 5399 533 5469 armanalanam
547 5419 584 5458 cte
604 5402 622 5456 ti
633 5419 756 5474 apuern,
771 5402 880 5458 tradunt
897 5401 1036 5472 Epilnmes
1087 5404 1189 5462 τούτοις
1204 5396 1286 5456 ἅπασι
1298 5419 1319 5453 a
1336 5398 1473 5452 excribrata
1485 5395 1562 5452 aal'ni
1574 5395 1714 5468 Μοξιμὶοου
1728 5389 1821 5451 παῖδος.
1835 5407 1876 5474 ⁰⁹}

247 5465 371 5534 Victoris,
387 5480 415 5526 et
429 5470 556 5543 Excerpt.
596 5474 663 5530 aies.
684 5483 788 5540 ntactor,
802 5481 831 5530 et
846 5471 878 5528 P.
895 5473 1035 5529 diaconus.
1088 5471 1137 5534 ἤδη
1151 5475 1192 5528 ml
1201 5478 1247 5532 τῆς
1259 5415 1480 5546 βασιςικῆςτιμῆς
1489 5475 1535 5529 τῆς
1548 5467 1612 5552 raia
1623 5468 1710 5551 alsait
1729 5469 1769 5548 τοι
1779 5477 1876 5542 ppaptar
1963 5500 1966 5509 .

242 5537 318 5594 idean
331 5540 410 5597 tinect
425 5541 518 5598 incerti
534 5545 700 5615 pantegnum,
716 5559 777 5616 cap.
790 5547 809 5602 b
823 5561 830 5599 a
846 5543 909 5614 lpse
918 5544 1036 5613 tleaiqne,
1089 5545 1227 5602 ἀναθὲοιοις
1244 5544 1367 5599 πεποίητο
1383 5541 1525 5602 κοινωνοὺς.
1536 5537 1636 5612 lupen
1649 5547 1708 5592 suat
1722 5541 1760 5589 au
1771 5531 1875 5610 amatim

240 5611 285 5679 qui
304 5619 376 5681 pater
393 5611 465 5668 illius
479 5616 639 5682 credebatur,
655 5617 789 5672 discissam
801 5615 833 5670 aia
853 5616 964 5670 larraateris
978 5632 1039 5684 pur·
1092 5614 1229 5671 Maximini
1246 5612 1328 5675 liberi,
1345 5627 1407 5677 quoa
1419 5609 1642 5685 iliejaat'iauperii
1659 5615 1798 5688 consortia,
1814 5609 1874 5686 till-¹

241 5698 334 5752 puram
347 5681 480 5738 detrahere
491 5700 596 5741 conatae
609 5705 618 5742 .·
632 5703 695 5745 ecce
707 5688 818 5742 creditne
830 5703 838 5752 ;
852 5703 916 5758 crgo
928 5703 981 5741 rann
996 5702 1040 5742 uc·
1093 5688 1207 5740 lariorum
1222 5693 1297 5751 ntqtae
1316 5681 1457 5753 imapiaam
1472 5682 1609 5752 participas
1623 5683 1727 5752 sermm.
1742 5675 1874 5758 Scaeam·

240 5767 289 5805 raas
302 5761 397 5820 pater:
415 5755 486 5812 natale
500 5773 560 5811 arnor
577 5775 636 5829 cap.
653 5757 685 5825 b,
703 5759 864 5815 Maxentium
886 5757 1040 5813 Maximiani
1093 5757 1138 5820 δας
1164 5759 1190 5812 itt
1211 5770 1310 5826 genere
1322 5754 1595 5825 libereseigniiicare‚
1611 5763 1638 5808 ct
1652 5750 1790 5831 ctaaaapleeu
1804 5755 1874 5812 passe

243 5825 406 5893 suppositam
418 5835 513 5894 vocat;
529 5830 653 5899 idemque
665 5830 801 5887 lulianum
813 5831 921 5887 tradere
931 5830 1043 5900 putabat
1094 5831 1179 5885 lilium
1192 5827 1327 5893 titaniaque
1351 5825 1487 5881 Maximini
1503 5842 1509 5878 :
1523 5825 1571 5880 sed
1586 5823 1660 5880 addit
1675 5835 1723 5878 eos
1744 5835 1768 5874 ut
1788 5811 1874 5868 auarus

248 5892 492 5972 tractansque
508 5908 598 5983 tamen
607 5917 700 5959 errare
713 5902 792 5961 noent
804 5903 836 5959 all
847 5916 909 5972 cap.
927 5901 971 5977 lii.
984 5901 1044 5972 Cae-
1094 5903 1192 5972 pictos,
1221 5898 1380 5969 imperiique
1405 5906 1547 5954 consortes
1565 5911 1625 5953 esse
1649 5895 1752 5958 lactan
1767 5901 1827 5961 quat.
1847 5891 1872 5938 tl
