4017 6350
49 312 114 371 953
435 314 587 375 utssEtt't.
609 315 641 373 ΙΝ
662 317 725 373 litt.
748 314 791 371 tus
812 312 989 375 Montibus
1008 318 1198 383 suessent.
1218 327 1296 385 CAP.
1316 328 1363 385 tlt.
1669 334 1722 393 att

50 432 128 489 tiaui
145 435 254 493 milites
276 432 466 508 prevalebunt,
486 433 573 491 donec
596 442 688 505 postea
709 430 869 489 corvdrutato
883 453 908 517 Α
921 444 1004 506 ponte
1017 437 1107 497 Milvio
1121 443 1240 514 tradidit,
1254 444 1305 502 lroe
1321 446 1355 503 ab
1371 447 1431 507 aliis
1448 450 1627 525 scriptoribus
1640 452 1723 523 paulo

51 528 158 581 animo
176 528 378 597 Constantinus,
391 537 419 584 et
431 525 467 583 ad
480 536 623 599 utrumque
637 535 756 598 paratus,
777 526 869 597 copias
920 530 998 585 aliter
1010 533 1134 591 traditum
1146 537 1262 595 videtur.
1277 539 1374 597 Narrat
1383 546 1455 599 eninr
1467 545 1597 602 Eusebius
1612 544 1722 618 (Erret.

51 618 89 674 ad
105 619 220 677 Urbem
243 622 354 693 propius
368 620 496 687 admovit,
518 620 694 691 eteregione
707 620 796 690 poutis
812 619 871 675 Mil·
920 624 964 681 tib.
979 642 1008 680 rx
1032 628 1122 686 tristor.
1144 630 1243 689 Erotes.
1266 651 1324 708 cop.
1343 636 1371 705 b,
1392 647 1417 693 et
1429 639 1472 694 tib.
1488 655 1498 695 1
1512 640 1545 695 αι
1568 637 1627 694 Vtra
1654 637 1724 695 con.

51 713 104 778 vii,
123 732 185 772 nas.
200 715 283 771 codex
298 714 385 782 llilvi,
399 714 555 771 concedit.»
573 715 642 769 Pons
653 721 741 771 autent
753 712 868 783 Milvius,
919 728 996 775 atorvt.
1014 737 1072 790 cup.
1088 723 1123 779 38
1136 723 1147 797 )
1162 737 1271 795 pontem
1287 730 1395 803 scapbis
1418 733 1570 789 tirmissinve
1581 732 1690 805 nitidem
1705 747 1721 788 a

51 806 116 863 sive
126 806 260 877 Molvius,
274 823 345 865 uum
356 807 434 879 vulgo
448 820 522 879 ponte
532 806 604 863 Mote
615 806 775 877 appellatus,
789 807 814 861 iu
827 807 869 861 via
918 809 1052 870 Maxentio
1072 826 1266 887 constructum,
1287 821 1323 876 ita
1352 830 1440 879 tanuen
1455 835 1484 882 ut
1498 825 1667 891 interscindi,
1689 839 1722 881 ac

51 900 208 961 Flavniuea
237 902 340 959 dnobus
369 902 474 959 circiter
498 903 533 959 ub
558 902 624 957 urbe
647 901 732 957 liovua
753 899 870 957 millibus
919 906 1054 962 transiens
1068 906 1260 969 Covvstantinns
1270 912 1296 967 iu
1310 912 1419 971 durium
1433 916 1511 973 facile
1524 918 1602 988 dejici
1616 927 1719 991 posset.

50 1002 209 1051 extructus
221 1006 272 1051 est.
289 994 387 1051 Verum
398 996 494 1067 prioris
509 994 587 1065 liuius
598 1010 693 1067 pugnae
704 994 868 1049 mentionem
918 994 1019 1055 Contra
1032 1016 1097 1057 vero
1109 1003 1218 1059 accidit.
1234 1003 1302 1060 Nona
1316 1005 1403 1062 vietus
1414 1009 1563 1065 Maxentius
1582 1026 1631 1081 per
1650 1010 1722 1067 bunc

52 1088 102 1158 qui
121 1088 255 1154 iecerint,
277 1088 323 1143 vix
340 1088 422 1143 aliurn
449 1090 608 1159 scriptorem
631 1086 750 1143 invenias
772 1095 869 1155 praeter
918 1102 1029 1161 punirent
1042 1095 1154 1169 aufugit,
1167 1096 1214 1152 sed
1225 1097 1313 1154 soluta
1324 1100 1374 1155 sub
1384 1102 1443 1172 eius
1457 1103 1572 1173 pedibus
1583 1103 1719 1173 vnacbina,

51 1177 200 1236 Cecilium
225 1190 346 1235 nostrum
372 1190 400 1237 et
423 1191 561 1236 auctorem
592 1179 695 1236 Politice
714 1188 867 1235 sauctorum
918 1186 1165 1255 compluebant„
1190 1205 1298 1247 pinnum
1316 1192 1470 1259 &canipae
1491 1195 1647 1252 submersus
1667 1205 1719 1251 οὓς,

51 1276 177 1335 Patruru
204 1278 387 1351 iletropbanis
410 1289 437 1337 et
457 1278 615 1335 Alexandri.
639 1278 756 1351 lpsamet
778 1289 867 1335 autem
918 1276 1021 1335 Eadem
1036 1296 1143 1354 puroque
1157 1282 1282 1340 zozimus
1306 1284 1416 1357 (zozim.
1442 1287 1487 1343 tto.
1510 1304 1528 1343 tv
1548 1286 1662 1364 trition),
1677 1289 1722 1345 Li-

53 1372 181 1442 hujusce
206 1374 347 1447 scriptoris
368 1374 402 1430 de
425 1374 614 1443 Constantino,
638 1372 683 1445 qui
707 1371 868 1443 persuadere
919 1371 1014 1429 barrius
1027 1372 1138 1449 (bibon.
1155 1389 1222 1434 orot.
1242 1382 1269 1447 ll,
1285 1391 1347 1438 tout.
1359 1397 1378 1437 tt
1391 1380 1412 1454 ),
1429 1382 1589 1455 Protagoras
1606 1383 1721 1456 (Proto-

54 1464 206 1521 Maxentio
221 1481 274 1523 non
289 1477 393 1539 poterat
408 1476 437 1522 ut
456 1466 491 1523 ab
505 1468 593 1538 impiis
611 1466 738 1537 operibus
750 1466 867 1521 obstine-
917 1482 974 1538 gor.
988 1470 1060 1541 opud
1074 1469 1154 1526 Plot.
1172 1474 1231 1530 cod.
1246 1473 1304 1547 62),
1318 1484 1346 1531 et
1360 1474 1464 1533 Politiae
1478 1476 1528 1535 SS.
1542 1477 1651 1534 Patrem
1666 1478 1722 1534 lle-

52 1568 110 1626 ret,
128 1560 218 1615 verba
231 1560 300 1630 apud
311 1560 433 1615 Plautium
444 1559 484 1616 sie
496 1574 584 1631 graece
592 1555 868 1631 legunturr’svrreem
919 1564 1059 1633 tropitanis
1074 1576 1101 1622 ct
1120 1567 1269 1625 Alexandri
1296 1571 1412 1643 scriptor
1435 1573 1533 1629 litteris
1547 1572 1722 1629 commenda-

52 1654 176 1726 πολέμου
203 1655 246 1711 καὶ
268 1654 424 1727 συμπλακεὶς
446 1654 531 1728 μάχῃ,
555 1656 589 1710 τὰ
611 1660 705 1729 πρῶτα
723 1655 768 1725 μέν
789 1654 865 1728 ἐγγὺς
918 1665 1025 1711 terunt.
1052 1657 1106 1714 Sed
1134 1658 1261 1717 Atttel'ttts
1284 1661 1377 1719 Victor
1406 1664 1530 1735 perbibet
1557 1664 1720 1721 Maxentium

51 1749 154 1819 γίνεται
168 1752 217 1803 τοῦ
230 1747 314 1803 tadeo
326 1748 356 1803 τὸ
367 1744 450 1808 ἧττον.
468 1744 561 1816 (Plvut.
575 1744 699 1801 Bibliotb.
718 1746 776 1799 cod.
800 1742 865 1817 alc)
920 1766 929 1801 v
942 1749 1057 1818 insidiis,
1069 1767 1135 1821 quas
1146 1752 1242 1823 bostis,
1257 1756 1391 1813 vlorsitau
1410 1775 1419 1810 t
1434 1756 1517 1825 hosti,
1527 1758 1597 1829 apud
1612 1769 1719 1830 pontem

56 1854 66 1889 r
85 1837 170 1893 Bello
183 1839 308 1905 levitarit,
319 1854 459 1909 pugnaque
466 1837 733 1909 congressus,privnu
742 1853 796 1893 non
805 1854 865 1908 pro·
881 1842 1037 1919 BMilviurn
1063 1844 1211 1915 locaverat,
1233 1850 1259 1904 iu
1283 1861 1451 1923 transgressu
1466 1851 1572 1909 'liberis
1585 1852 1720 1924 intercep-

53 1929 284 2004 cttlabiuitquin
300 1934 499 1989 succumberet.
524 1932 577 1991 sed
603 1931 661 1989 itare
680 1932 864 1989 levistantum
919 1948 1009 1993 turus
1043 1936 1135 1997 luisse.
1165 1940 1220 1997 Sed
1242 1942 1378 2014 aliquanto
1399 1944 1499 2001 clarius
1522 1945 1550 1999 in
1577 1945 1719 2017 epitome:

53 2026 385 2099 videturvelitatio,qua,
399 2026 496 2099 siquid
509 2026 674 2083 Maxentianl
686 2026 785 2083 milites
797 2042 865 2099 prae·
921 2051 930 2085 t
946 2033 1041 2100 l'aulo,
1061 2035 1181 2107 tinguit,
1201 2055 1211 2088 r
1228 2039 1378 2108 superiusa
1394 2037 1586 2110 pouteMilvio,
1603 2039 1630 2095 iu
1651 2055 1719 2111 pou-

53 2120 218 2189 valuerunt,
232 2121 273 2177 itis
284 2130 372 2177 lamen
382 2122 493 2177 minime
509 2122 653 2193 impeditus
662 2118 864 2189 Constantinus,
918 2139 971 2185 tem
986 2129 1100 2200 navigiis
1112 2134 1290 2202 conspositum
1312 2133 1348 2189 ab
1365 2133 1449 2189 latere
1459 2132 1563 2205 ingredi
1574 2132 1716 2202 festinans,

54 2227 155 2268 omnes
170 2212 265 2284 copias
281 2213 392 2286 propius
418 2213 452 2269 ad
478 2212 579 2273 Urbem
603 2229 618 2269 e
641 2214 757 2285 regione·
776 2214 866 2284 pontis
917 2220 992 2292 lapsu
1007 2224 1068 2292 egui
1077 2222 1103 2278 in
1116 2222 1279 2293 protundum
1291 2224 1433 2280 demersus
1445 2233 1497 2281 est.
1510 2244 1521 2279 v
1532 2224 1615 2282 Pides
1627 2227 1719 2297 itaque

54 2304 141 2363 llilvii
152 2306 287 2363 admovit.
917 2314 985 2370 duos
998 2325 1095 2385 pontes
1117 2315 1245 2387 distingui
1271 2317 1307 2373 ab
1323 2316 1374 2373 boc
1386 2318 1529 2389 scriptore,
1545 2318 1666 2374 Milviunt
1677 2318 1719 2375 vi-

358 2428 507 2471 anrvctvcus
527 2430 566 2471 tn.
916 2408 1027 2477 delicet,
1043 2420 1069 2465 et
1082 2409 1175 2479 aliona,
1197 2412 1243 2482 qui
1265 2412 1372 2483 scapltis
1385 2423 1413 2469 et
1434 2414 1548 2483 navigiis
1572 2412 1719 2470 mditicatus

58 2501 154 2559 Utrum
169 2522 203 2560 co
214 2522 273 2561 uero
287 2504 348 2569 aiut,
364 2522 420 2577 pros
433 2506 542 2561 Cecilius
550 2506 655 2562 tradidit
666 2506 697 2561 de
710 2507 800 2579 pretio
815 2524 864 2579 quo
917 2503 1015 2561 iuerat.
1026 2504 1176 2563 Maxentius
1186 2518 1276 2563 autem
1289 2508 1487 2565 diciturexboe
1499 2509 1717 2581 sectmdoponte,

93 2598 248 2655 Mauortius
261 2615 278 2655 o
293 2598 460 2655 Constantino
476 2598 574 2670 Magno
594 2600 673 2655 uictus
694 2610 747 2666 ειη
760 2616 809 2669 quo
822 2600 866 2655 tile
917 2614 996 2669 qucuv
1009 2598 1103 2669 ipsein
1118 2600 1288 2656 Constantini
1311 2603 1458 2673 perniciem
1475 2612 1673 2668 construxerat,
1690 2602 1718 2658 in

91 2709 124 2749 ca
136 2694 256 2762 pontein
269 2691 379 2749 Tiberim
391 2694 513 2767 dejectas,
527 2710 557 2749 ec
580 2710 629 2765 qvvo
649 2710 717 2750 cono
727 2693 862 2761 interierit,
917 2692 1034 2749 Tiberina
1054 2695 1244 2766 praecipitatus.
1261 2698 1301 2750 itu
1322 2706 1411 2751 autern
1439 2696 1493 2752 duo
1514 2696 1541 2749 lvi
1566 2705 1662 2765 pontes
1681 2696 1718 2751 cb

91 2802 126 2841 uo
140 2784 270 2841 mactatis
281 2786 523 2857 quinquennalibus.
917 2795 1093 2842 memoratam
1105 2788 1130 2841 iu
1143 2789 1224 2843 citata
1237 2788 1339 2843 Aurelii
1349 2787 1464 2843 Victoris
1481 2786 1604 2858 Epitome
1619 2786 1716 2843 ticini·

92 2878 160 2935 Post
170 2890 350 2935 memoratam
363 2894 379 2933 a
392 2880 471 2935 nobis
483 2880 508 2934 iu
519 2880 659 2951 superiore
673 2880 788 2935 articulo
800 2894 867 2950 pug·
917 2890 999 2939 tamin
1011 2882 1113 2939 abaliis
1125 2883 1243 2939 distincti
1259 2900 1312 2939 non
1328 2881 1441 2950 iueriut;
1450 2893 1478 2938 ut
1488 2883 1588 2939 certius
1598 2898 1718 2954 pronun-

57 2986 139 3038 nam;
156 2969 324 3038 lvvvuriuebot,
346 2972 434 3042 iniquit
455 2969 570 3029 Cecilius
584 2972 652 3045 (cop.
666 2972 724 3043 tl)
743 2974 798 3030 dier
815 2990 866 3043 qao
918 2973 985 3031 tiare
999 2990 1094 3046 queas,
1107 2976 1170 3031 audi
1187 2976 1276 3033 adbuc
1291 2976 1460 3047 Eutropium,
1487 2976 1532 3047 qui
1557 2974 1718 3031 brevissime

60 3064 209 3120 Maxentius
222 3066 358 3139 imperium
372 3074 482 3139 ceperat,
496 3066 540 3137 qui
562 3076 598 3121 ert
618 3066 653 3121 nd
665 3076 763 3121 reatum
777 3066 866 3123 lculen-
917 3069 985 3127 dixit
998 3068 1161 3126 Maxentium
1175 3071 1275 3126 victum
1290 3068 1373 3125 luisse
1391 3070 1425 3123 cd
1443 3076 1556 3141 pontem,
1571 3068 1616 3140 qui
1644 3065 1716 3123 stot-

60 3159 103 3215 dor
122 3159 288 3228 noueurbris,
305 3159 331 3217 id
355 3171 397 3216 est
418 3158 453 3216 S'i
469 3160 605 3227 octubris,
621 3170 645 3215 et
667 3160 867 3232 quinquennalia
917 3161 972 3218 olm
983 3170 1100 3218 vocatur.
1115 3160 1275 3218 Prudentius
1287 3176 1394 3234 quoque
1412 3158 1537 3216 eumdem
1553 3168 1662 3232 pontem
1675 3159 1717 3218 luis

62 3255 277 3311 ruminabamur.
302 3253 386 3310 Nocte
399 3270 463 3310 vero
478 3255 659 3326 subsequente
672 3255 865 3312 Covtstaminus
878 3259 900 3320 c
916 3255 1041 3312 versibus
1053 3254 1223 3325 designavit:

60 3348 180 3418 cccleste,
196 3350 233 3406 de
246 3364 301 3421 quo
314 3348 439 3419 superius
462 3347 667 3419 disputavimus,
690 3347 755 3404 vidit
774 3352 863 3404 crucis
959 3391 1044 3442 Tem,
1053 3387 1200 3440 chrisum
1209 3389 1277 3440 dm
1287 3388 1478 3440 amanum
1490 3387 1584 3438 Urbem

60 3439 174 3508 siguum,
204 3455 260 3512 quio
280 3439 427 3498 exercitinn
442 3455 520 3495 suutu
536 3441 621 3496 voluit
635 3440 734 3496 arvnavi
753 3455 785 3494 ae
803 3456 863 3495 vnn·
960 3453 1073 3513 noturus,
1088 3461 1221 3518 exceptum
1232 3452 1348 3503 'ribertus
1360 3456 1384 3501 tn
1395 3460 1483 3516 stagna
1494 3458 1624 3516 ignauum

60 3529 120 3586 uiri.
142 3531 221 3587 Tunc
245 3539 335 3588 eutem
359 3531 408 3602 ipsi
432 3532 550 3587 occurrit
565 3531 659 3600 bostis,
676 3530 721 3602 uui
744 3530 862 3587 Milviutn
960 3517 1131 3580 Ptaetitt'tms·
1225 3576 1367 3642 (mm,
1381 3574 1686 3641 “mmmmm

62 3635 168 3692 pontem
183 3623 444 3694 transgredereris
460 3639 555 3680 uranus
566 3625 687 3692 veuiunt,
703 3633 730 3680 et
750 3631 864 3695 utraque

62 3727 94 3769 ex
114 3727 189 3786 parte
214 3727 347 3790 pugnatur
374 3731 479 3774 svvmma
505 3715 542 3783 vi,
561 3716 608 3774 sed
632 3717 736 3773 incerto
757 3716 863 3788 penitus
950 3711 1094 3769 lltnullius
1107 3709 1196 3782 pontis
1206 3711 1371 3766 mentionem
1390 3709 1593 3768 lecitNuzarius
1606 3712 1615 3781 (
1627 3709 1716 3766 Noen-

63 3811 143 3864 exitu.
159 3810 203 3866 Fit
216 3811 356 3868 ideircoin
369 3811 435 3866 urbe
453 3811 563 3877 seditio,
579 3821 606 3866 et
627 3808 863 3880 populosiucirco
913 3805 947 3862 rii
969 3804 1101 3878 Poneggr.
1126 3802 1141 3877 5
1161 3804 1223 3877 50),
1248 3819 1335 3875 sieque
1357 3805 1440 3860 etiam
1460 3819 1611 3876 artouymus
1639 3804 1718 3860 llale-

64 3901 226 3960 Maxentium
248 3905 326 3962 ludus
347 3903 428 3960 oamli
449 3905 493 3960 dic
510 3920 559 3962 suo
581 3905 706 3962 edentem
728 3905 860 3976 increpat.
914 3898 1147 3974 sianus,cujusde
1161 3897 1286 3954 Maxentii
1301 3915 1315 3953 a
1330 3898 1507 3956 Covvstantiuo
1521 3899 1583 3954 victi
1607 3899 1717 3954 interitu

65 3993 125 4052 lude
138 4007 337 4062 consternatus,
356 3997 432 4068 jubet
446 3997 542 4068 inspici
568 3998 711 4071 Sibyllinos
724 3997 818 4064 libros,
835 4007 863 4054 et
916 3993 974 4050 burc
987 4005 1050 4050 suut
1060 3995 1159 4050 verba:
1176 4012 1186 4046 r
1200 3992 1333 4064 Egressus
1343 4009 1375 4048 ex
1389 3991 1463 4048 tlrbe
1471 3989 1631 4059 Maxentius,
1644 4007 1717 4048 cant·

65 4089 89 4146 in
102 4091 141 4148 eis
153 4102 290 4164 repertum
304 4103 355 4160 cst,
371 4093 408 4148 uti
419 4091 543 4148 Ztvainvus
559 4094 614 4161 jam
630 4093 726 4148 citatus
750 4101 863 4148 testatur
915 4103 1065 4161 pumsnpra
1074 4085 1203 4153 Tiberim,
1217 4086 1242 4140 iu
1253 4099 1305 4156 quo
1315 4083 1468 4147 dimicaret,
1478 4080 1610 4154 tegit.llbi
1620 4081 1715 4150 victus,

66 4179 167 4240 bostem
183 4185 365 4242 llomauurum
385 4185 545 4254 periturum.
571 4182 625 4238 Sibi
649 4193 738 4238 autern
757 4182 863 4238 Maxen-
916 4177 1149 4250 iugatisonvuibus
1161 4176 1309 4243 suis,iutcr
1328 4176 1466 4245 arvgustias
1480 4175 1597 4231 arcentis
1611 4175 1716 4246 populi,

67 4277 115 4333 tius
131 4279 285 4348 persuaderi
298 4279 361 4334 sinit
374 4295 407 4332 eu
423 4290 554 4348 responso
566 4275 772 4332 Couvstautinum
792 4276 864 4332 desi·
916 4287 986 4343 eqvxo
1000 4269 1181 4342 praecipitatus
1194 4269 1220 4324 iu
1235 4267 1356 4323 liuviuvn.
1373 4285 1382 4318 r
1398 4264 1517 4321 incertus
1532 4267 1649 4338 denique
1671 4281 1715 4337 pa·

67 4371 149 4438 gnari.
165 4373 194 4427 lu
214 4375 298 4428 aciem
313 4371 405 4442 itaque
420 4373 501 4436 venit,
517 4369 668 4438 transitque
683 4378 802 4438 pontem,
817 4367 863 4438 tpui
916 4363 1034 4436 regulet
1054 4361 1232 4417 Constantino
1246 4358 1311 4414 dieti
1325 4367 1419 4414 auctor
1439 4359 1576 4414 vvtevuoriae
1599 4359 1718 4428 prodidit

67 4475 81 4515 a
94 4469 166 4533 tergo
180 4465 239 4535 ejus
248 4463 459 4522 interscinditur.
477 4463 515 4517 Eo
528 4461 597 4530 viso,
614 4461 751 4518 recruduit
762 4477 862 4533 pugna,
916 4455 1090 4521 Maxentium,
1102 4455 1191 4526 pontis
1204 4453 1285 4509 Milvii
1310 4454 1451 4510 exclusum
1466 4453 1606 4524 angustiis,
1619 4453 1717 4511 frustra

68 4569 99 4611 ac
112 4573 204 4616 versus
215 4560 240 4614 iu
252 4559 351 4632 lugam,
363 4570 389 4614 et
403 4557 573 4614 multitudiue
583 4556 740 4627 lugientiurn
751 4571 862 4628 oppres·
916 4561 1041 4608 conatum
1057 4566 1104 4621 per
1113 4549 1225 4619 abrupta
1237 4549 1302 4619 ripa·
1312 4551 1449 4606 ulterioris
1460 4549 1588 4617 evadere,
1601 4549 1718 4608 et'libe·

68 4661 119 4716 sus,
144 4667 178 4706 ex
193 4661 273 4723 ponte
285 4650 411 4722 dejicitur
424 4652 451 4707 in
476 4652 606 4716 Tiberim,
622 4661 649 4706 et
671 4650 861 4722 submergitur.
876 4645 953 4724 Deis
967 4643 1070 4714 gurgite
1081 4641 1250 4698 devoratum.
1262 4641 1366 4696 bedisti
1377 4657 1442 4697 sane
1453 4641 1541 4698 varias
1554 4643 1716 4714 scriptorum

69 4741 151 4813 Atque
165 4744 202 4800 ita
214 4742 330 4801 Cecilius
350 4744 479 4801 describit
492 4743 561 4798 lvanc
582 4757 711 4815 pugnarn,
740 4741 865 4798 Maxentii
916 4736 1059 4808 opiniones
1081 4735 1115 4790 de
1133 4734 1260 4790 Maxentii
1276 4749 1351 4801 castr,
1382 4735 1458 4804 lapsu
1483 4737 1510 4792 in
1535 4735 1665 4803 Tiberim,
1688 4747 1717 4794 et

70 4847 188 4905 mortem,
205 4849 232 4895 et
245 4839 412 4896 Constantini
428 4838 516 4910 Magni
533 4837 681 4893 victoriato.
915 4838 1008 4902 ponte,
1021 4845 1054 4886 ex
1069 4846 1122 4901 quo
1135 4829 1161 4885 iu
1178 4829 1249 4884 lruuc
1262 4829 1371 4883 lltvvium
1390 4829 1497 4885 cecidit.
1511 4830 1715 4901 Quamcumque

103 4926 136 4983 itt
150 4931 175 4985 in
193 4931 243 4988 linc
261 4931 416 4988 narratione
430 4930 495 4987 illud
511 4928 631 5001 pluribus
644 4945 736 5000 piarum
752 4927 863 4984 iorsitan
916 4939 998 4995 porro
1011 4924 1146 4980 veriorem
1168 4939 1229 4980 esse
1254 4923 1480 4994 pronuntiaveris,
1502 4924 1638 4980 latendum
1653 4940 1716 4995 pro·

70 5031 131 5076 vero
145 5022 278 5080 videbitur
289 5023 387 5090 simile,
402 5023 472 5092 ntvod
485 5022 600 5079 Cecilius
615 5021 686 5094 (cop.
704 5019 750 5092 ll)
762 5037 865 5078 ntevno-
914 5018 1055 5081 iectoerit,
1072 5033 1105 5074 ex
1132 5018 1165 5073 iis
1186 5017 1311 5072 omnibus
1325 5017 1404 5087 plane
1419 5016 1514 5073 conltei
1537 5016 1609 5072 lvuue
1624 5025 1716 5089 tyran·

70 5121 110 5164 rat
118 5112 275 5172 Maxentium
289 5131 323 5173 eo
341 5115 397 5182 die,
413 5129 466 5186 quo
482 5123 534 5169 taut
545 5113 785 5171 acriteradllouuc
797 5131 864 5186 peue
915 5109 1200 5179 vtumaCunstautino
1211 5120 1377 5178 superatum,
1388 5105 1534 5165 astiteris
1544 5109 1715 5166 submersum

72 5215 158 5260 munos
170 5210 347 5280 pugnabatur,
363 5206 494 5279 publicos,
520 5222 549 5262 se
577 5215 720 5276 prasente,
744 5207 822 5263 ludos
836 5207 864 5263 in
916 5205 1004 5273 undis,
1021 5218 1115 5259 revera
1137 5201 1262 5273 periisse.
1279 5201 1395 5255 Cet-ilius
1420 5210 1521 5262 autem,
1535 5201 1606 5256 sieut
1621 5210 1649 5256 ct
1661 5199 1716 5256 Bn-

72 5294 139 5350 circo
157 5299 281 5357 edidisse.
303 5299 353 5356 Cui
373 5301 445 5356 enirn
466 5299 594 5356 credibile
613 5299 659 5354 dut
674 5301 864 5372 imperatorem
915 5297 1035 5364 cherlus,
1052 5296 1148 5352 asserit
1166 5294 1255 5360 illuni,
1271 5292 1309 5347 uti
1324 5291 1574 5356 avviutadvevtimus,
1591 5293 1626 5348 ibi
1642 5309 1716 5350 mor-

76 5392 247 5466 toputuuque
265 5397 414 5451 lltvmanmn
438 5395 480 5452 his
501 5395 570 5450 ludis
594 5403 622 5449 et
641 5397 863 5452 oblectationibus
915 5399 988 5445 tuum
1003 5387 1041 5442 28
1053 5387 1188 5451 Octobris,
1203 5384 1266 5440 {inni
1292 5382 1416 5439 videlicet
1434 5382 1498 5448 5¹2,
1512 5384 1623 5454 quodie
1640 5388 1715 5458 quin·

79 5476 151 5540 luisse
171 5499 338 5559 occupatum,
353 5489 514 5546 combustis
530 5487 758 5546 lormidaudusud
774 5501 864 5562 portas
914 5482 1052 5556 oumoolic
1071 5481 1140 5552 ejus,
1164 5480 1260 5550 iniquit,
1284 5476 1495 5531 teratinobontnr.
1510 5475 1545 5532 m
1570 5479 1715 5549 tyrannidis

80 5567 148 5633 burs
161 5581 198 5636 sie
219 5583 406 5652 praeliabatur?
420 5584 473 5641 seo
495 5583 539 5639 uve
556 5582 649 5638 coetui
663 5584 737 5642 vocns
753 5586 862 5641 nutrius
915 5592 983 5631 auno
996 5585 1077 5640 reato,
1095 5572 1133 5626 au
1146 5569 1270 5626 aurelius
1282 5567 1386 5632 vietor,
1401 5582 1454 5623 oon
1476 5582 1510 5624 eo
1527 5570 1636 5640 quiden
1655 5581 1715 5627 tau·

81 5673 249 5744 etnorruptos
259 5686 310 5740 est,
324 5687 351 5734 et
364 5678 423 5734 sine
435 5676 547 5733 alterius
557 5673 659 5732 codicis
675 5675 783 5744 auxilio,
798 5676 861 5749 quid
916 5679 970 5727 tum
983 5667 1119 5730 inchoato,
1133 5663 1181 5719 sed
1199 5669 1349 5731 consumpto
1372 5676 1416 5729 per
1439 5661 1551 5717 desidius
1572 5663 1654 5730 renio,
1666 5678 1714 5722 seu

83 5753 163 5820 illcibi
175 5781 266 5826 revera
277 5768 386 5840 dixerit,
400 5772 469 5828 scire
481 5787 535 5828 non
548 5783 700 5842 possumus.
916 5762 1058 5830 sexennio,
1072 5761 1096 5816 si
1109 5759 1211 5814 incerto
1225 5753 1378 5824 panegyrici
1401 5755 1539 5828 scriptori,
1553 5757 1633 5829 paulo
1650 5771 1714 5817 ante

92 5919 97 5924 ,
115 5850 146 5908 ΑΙ
163 5857 304 5932 ltnevero,
323 5867 395 5937 qttod
417 5867 444 5924 iu
464 5883 495 5926 ea
518 5864 633 5930 Cecilius
654 5866 806 5924 narratione
829 5865 863 5924 dc
916 5851 1132 5925 tarnatensem
1153 5841 1714 5922 babeantUtipsunt,rint1uit,rdiem
