4017 6350
83 304 141 361 885

466 302 619 361 otssmss.
640 302 672 359 ΙΝ
693 302 757 359 LlB.
780 302 824 359 DE
844 300 1019 366 MORT'BUS
1037 303 1229 363 seusticus.
1249 306 1326 363 CAP.
1345 309 1378 363 v.

1701 308 1755 365 88⁰

83 415 264 475 Prudentius
286 414 438 489 (Prudens,
467 416 554 489 byrro.
577 418 609 471 de
632 416 662 475 S.
687 416 815 483 terrent,
831 414 939 481 oernA
987 417 1016 473 ln
1027 419 1144 493 antiquis
1164 428 1254 477 autem
1275 420 1492 495 ntartyrologiis,
1506 420 1541 479 ab
1561 435 1633 481 nono
1652 423 1755 480 smoule

83 510 159 579 loe,
184 522 211 569 et
226 510 309 585 seqq.)
330 510 365 570 de
382 510 445 571 dito
460 510 606 571 Laurcmio
619 512 756 573 craticulae
772 512 900 590 imposito

84 602 148 661 hee
162 606 289 664 cecinit:

225 718 564 783 Prelcotaslorertilubet:

223 777 294 833 Tunc
304 780 347 832 ille
360 796 365 831 :
377 780 477 835 lectum
490 789 537 845 cst,
550 780 651 843 devora,

222 845 255 897 Et
266 845 467 909 experimentum
477 856 538 907 cepe

224 910 265 961 Sit
274 908 377 961 crudma
388 920 419 959 aa
431 920 512 961 aetam
523 909 631 959 sossius.

83 1036 196 1094 Verum
211 1038 268 1095 dici
282 1046 370 1095 nmen
386 1044 475 1107 potest
487 1050 540 1093 noa
552 1050 632 1093 omne
645 1034 717 1108 quod
731 1044 837 1093 coctum
846 1046 898 1106 est,

82 1130 235 1187 craticulas
256 1129 338 1187 luisse
364 1130 529 1200 impositum.
554 1128 644 1199 Aliqui
659 1141 725 1183 sero
745 1128 901 1186 existimant

83 1222 147 1279 baec
162 1223 262 1288 verba,
278 1223 389 1295 lepitinte
402 1233 500 1289 coetus,
525 1220 596 1277 idem
611 1235 709 1277 sonare
738 1236 771 1277 ao
796 1236 898 1277 sceuo-

82 1316 151 1371 dam
164 1315 284 1371 lataseb
293 1312 506 1385 imperatoribus
518 1314 592 1385 leges
605 1322 704 1379 cortus,
719 1312 810 1379 idest,
825 1326 900 1369 eom·

82 1407 197 1464 bustus.
215 1408 338 1465 Eteerte
351 1407 509 1465 adverbium
532 1406 645 1479 legitime
669 1404 739 1477 apud
764 1407 901 1477 iuriscon-

83 1502 176 1559 sultos
193 1501 334 1574 signibeat
350 1501 388 1568 id,
404 1500 476 1573 qood
490 1501 595 1557 ratione
611 1500 700 1572 legum
717 1501 898 1570 observatur,

82 1595 126 1651 sel
148 1595 290 1654 ordinarie
315 1595 351 1653 nt.
378 1594 417 1653 Eo
432 1595 506 1653 enim
531 1608 612 1654 sensu
640 1592 766 1652 dicuutur
786 1596 898 1667 legitimi

83 1688 257 1761 gladiatores
271 1701 298 1747 et
309 1689 385 1749 leriae
398 1690 538 1763 legitima.
552 1690 652 1747 Verum
666 1690 728 1761 quia
740 1688 784 1747 bic
795 1697 900 1763 martyr

82 1780 162 1837 initio
179 1784 380 1857 persecutionis
401 1798 415 1839 a
442 1784 612 1843 Diocletiano
638 1784 763 1841 excitate
778 1792 891 1843 necatos

82 1988 145 2029 esse
170 1972 275 2047 legem,
298 1988 351 2046 qua
367 1973 507 2031 christiani
528 1972 601 2029 lento
616 1972 679 2045 igue
695 1982 894 2031 cremarentur.

83 2068 184 2127 Noster
195 2068 331 2141 siquidem
344 2066 461 2127 cecilius
475 2064 565 2140 (Ceeil.
580 2082 639 2139 cap.
652 2065 710 2137 il),
725 2064 794 2122 banc
808 2081 824 2121 a
839 2065 893 2123 Ga·

950 511 1149 585 seriptis,ltunc
1159 522 1306 587 martyrem
1320 514 1451 574 lobannis
1466 515 1576 575 atoarios
1587 515 1753 594 appellatam

950 602 1077 675 legimus.
1091 605 1145 663 Sed
1155 615 1230 663 certa
1245 606 1324 679 plane
1335 623 1389 666 non
1401 618 1443 668 est
1453 607 1562 670 itteram
1577 607 1656 674 fidet.
1671 619 1753 675 atque

949 696 977 753 io
990 696 1030 755 eis
1042 696 1140 755 riatur
1151 698 1265 756 Rufinus
1281 699 1395 771 (Rois.
1411 701 1456 759 lii.
1471 716 1520 759 snt
1532 700 1635 760 stne.
1649 698 1753 761 sese.

949 804 1008 858 cap.
1022 788 1063 860 5)
1088 790 1177 861 quiin
1194 806 1244 849 sua
1264 791 1424 851 Eusebianos
1448 793 1570 854 absorte
1592 794 1755 865 interpreta-

951 883 1247 943 tiooenulliusnomen
1268 884 1406 946 iudicarit.
1426 886 1482 943 llse
1494 888 1594 944 certior
1614 895 1657 948 ost
1670 887 1754 958 Pape-

951 974 1055 1032 broeltii
1067 976 1177 1048 opinio,
1202 977 1248 1049 qui
1262 976 1410 1038 arbitratur
1429 977 1500 1035 launo
1511 992 1572 1037 osse
1584 978 1753 1051 eumue,

950 1068 1156 1125 celeberrimum
1172 1080 1330 1143 martyrem.
1344 1069 1510 1139 Quibusdam
1525 1073 1754 1133 enimrooodum·

951 1168 1025 1215 taxat
1038 1160 1204 1229 ooaiecturis
1225 1160 1300 1217 illam
1312 1161 1474 1220 confirmare
1492 1162 1603 1232 nititsn,
1618 1178 1679 1232 que
1693 1164 1754 1222 ollis

951 1251 1061 1309 levioris
1075 1252 1200 1310 ridemur
1214 1254 1355 1323 nanetensi,
1372 1262 1453 1325 atque
1464 1254 1497 1311 atl
1510 1269 1570 1312 mro
1585 1256 1752 1325 probandam

952 1346 1065 1403 minime
1078 1344 1228 1403 sulbciout.
1243 1346 1315 1404 Satis
1326 1355 1369 1403 est
1382 1347 1463 1418 igitur
1477 1348 1595 1419 ingestae
1606 1347 1684 1406 lateri
1697 1359 1751 1409 nus

950 1438 1188 1511 incognitumesse
1201 1437 1280 1509 lanius
1294 1438 1422 1511 martyris
1435 1454 1546 1504 amanen,
1558 1453 1638 1510 quam
1649 1440 1751 1509 glorio-

950 1545 1011 1590 sum
1024 1531 1074 1590 luit
1087 1531 1158 1591 illios
1173 1547 1223 1603 pro
1237 1532 1338 1591 (bristi
1351 1532 1406 1591 tide
1419 1542 1576 1603 certamen,
1598 1542 1626 1591 et
1639 1531 1753 1592 illustris

950 1626 1073 1684 victoria.

1244 1736 1393 1781 sustentus
1416 1738 1446 1780 lt.

82 1874 135 1931 f„
218 1896 224 1909 ,
264 1880 270 1891 .
572 1879 578 1890 .
911 1810 988 1891 Bne
1008 1850 1109 1889 mmo
1132 1835 1332 1891 ciriuinmrsst
1347 1836 1511 1908 potestatem
1526 1834 1673 1903 imeres,
1686 1850 1753 1907 quos

95 1894 170 1935 uisse
197 1879 332 1949 tradatur,
357 1878 525 1951 probandam
541 1890 632 1951 utrque
648 1887 708 1936 erat
721 1878 814 1937 datam
832 1890 895 1937 tune
986 1928 992 1939 .

981 1944 1010 1983 tn
1022 1928 1174 1998 merifioiis,
1195 1946 1212 1984 e
1227 1929 1388 1985 beriniano
1399 1930 1495 2001 foetis,
1509 1930 1585 2001 siutto
1600 1928 1753 1985 esdr-no·

982 2022 1085 2078 otinicae
1094 2026 1258 2096 [sumasne
1269 2040 1301 2078 oe
1310 2034 1409 2091 sinos,
1422 2032 1448 2078 et
1458 2023 1586 2094 mornado
1597 2026 1638 2093 ios
1649 2022 1686 2077 eis
1696 2020 1753 2092 ise·

981 2114 1017 2169 rit
1029 2115 1070 2169 leis
1080 2114 1240 2170 etltnieortnu
1252 2116 1387 2185 sacrifieiis
1400 2116 1531 2171 interesse

83 2162 153 2219 lerio
166 2170 266 2235 postea
277 2161 358 2222 latum
373 2172 515 2219 memorat.
529 2161 595 2231 Quis
606 2167 698 2217 autem
712 2170 794 2221 antea
808 2162 895 2231 potuit

84 2254 200 2327 prelato
223 2270 306 2313 sensu
326 2263 400 2311 reete
413 2252 534 2312 seribere
558 2262 707 2325 martyrem
725 2252 816 2313 daea
835 2251 895 2311 solo
983 2246 1098 2307 blasima
1114 2263 1179 2304 sanc
1198 2258 1257 2305 crat
1275 2246 1484 2307 christianorum
1507 2250 1535 2305 in
1550 2250 1689 2311 oenones
1704 2265 1753 2325 pe

84 2356 191 2405 tantum
212 2346 331 2418 quodam
349 2348 441 2423 iudice
469 2347 605 2406 sententia
628 2356 734 2406 coetum
760 2345 894 2419 lagitione?
947 2348 1046 2408 testas,
1061 2340 1214 2415 mirumque
1236 2342 1263 2397 lo
1288 2356 1336 2397 eos
1355 2342 1521 2397 exercebant
1541 2341 1695 2413 imperium.
1711 2341 1753 2397 Ab

84 2441 275 2511 Quamobrem
299 2441 408 2513 quidam
426 2441 570 2515 legendum
585 2440 759 2511 suspicantur
781 2440 894 2500 lentini.
947 2434 1000 2491 illis
1014 2434 1114 2491 etenim
1129 2434 1188 2491 solo
1200 2434 1290 2490 erucis
1305 2436 1382 2509 signo
1397 2434 1571 2507 fugabantur.
1586 2436 1693 2493 Nostrae
1704 2451 1755 2496 att·

84 2550 134 2603 me,
151 2533 201 2590 sed
216 2542 312 2591 cuntra
324 2534 501 2605 manuscripti
514 2534 616 2591 codicis
630 2532 722 2591 iidem.
738 2532 828 2592 Douee
841 2533 894 2605 igi-
946 2532 1000 2582 ient
1018 2526 1205 2583 admirationis
1230 2528 1341 2600 dignum
1365 2528 1488 2603 ptttlecitl
1513 2538 1597 2588 iattiae
1610 2531 1754 2603 polesitllii

86 2636 128 2685 tur
142 2628 216 2687 alius
227 2626 398 2687 emendatior
413 2628 576 2696 inveniatur,
592 2626 729 2699 expende,
745 2642 848 2699 quaese,
858 2642 893 2683 aa
946 2622 1101 2695 exemplum
1116 2622 1194 2680 uobis
1208 2620 1325 2679 Ceeilius
1348 2621 1450 2697 (Cecil.
1467 2640 1525 2693 rep.
1541 2622 1598 2695 to)
1621 2623 1751 2695 suppedi-

86 2736 154 2789 una,
176 2730 206 2781 et
221 2738 283 2792 qttae
302 2736 335 2779 ex
361 2722 403 2779 lais
422 2721 527 2779 duabus
552 2720 824 2791 interpretationibus
845 2721 894 2779 tibi
947 2724 994 2772 tat.
1007 2715 1073 2771 Cutil
1088 2714 1290 2784 Diocletianus,
1305 2715 1401 2786 inquil,
1423 2714 1751 2787 alapartibusllricotis,

86 2812 172 2887 magis
185 2815 317 2873 upyiugai,
333 2814 468 2889 Quidquid
482 2826 573 2873 guium
588 2816 798 2887 pronuntietur,
816 2815 895 2873 (iugi.
946 2806 1110 2865 Nicomediae
1123 2806 1256 2875 Videlicet,
1269 2805 1426 2862 immolabat
1436 2806 1563 2878 pectldtlS,
1578 2816 1633 2863 tunt
1641 2807 1752 2881 quidmst

86 2907 137 2965 lius
155 2907 217 2965 brec
245 2909 324 2980 longe
337 2908 482 2967 claritudo
507 2910 555 2967 illo
579 2908 894 2980 invictissimomartyrs
947 2902 1153 2969 ministrorum,
1182 2904 1298 2959 scientes
1327 2902 1488 2971 bemineru,
1511 2918 1573 2959 com
1594 2902 1753 2960 assisterent

87 3001 175 3061 dixit:
193 3002 261 3061 Cum
273 3004 421 3061 admirabili
439 3003 563 3077 patientia
578 3012 706 3073 postremo
726 3012 830 3059 mestus
841 3011 892 3061 est.
946 2995 1109 3065 immolanti,
1120 2999 1307 3070 imposuerunt
1320 2996 1455 3054 irontibus
1467 2997 1523 3054 suis
1534 2996 1688 3057 immortale
1696 3000 1750 3071 sig-

120 3112 187 3182 uui,
215 3126 301 3185 pom,
330 3111 411 3169 sucu,
435 3113 634 3170 iiimfflmmus
659 3113 706 3169 ju,
729 3112 893 3169 guum„
948 3107 1031 3158 num;
1048 3090 1204 3163 quolacto,
1233 3088 1531 3161 togatisoernonibus.
1553 3088 1751 3149 sacraturbata

87 3207 186 3266 euleu
208 3210 237 3266 ,s
250 3225 338 3281 mm,
351 3209 399 3265 uu
414 3209 639 3280 ‚munimus
651 3208 719 3264 „uui
740 3207 775 3264 q,
788 3221 822 3264 ω
833 3207 930 3274 ,geg
946 3196 1017 3244 sunt.
1032 3186 1216 3260 Trepidabant
1229 3185 1382 3256 aruspices,
1398 3201 1448 3240 nee
1463 3184 1557 3244 solitas
1573 3186 1599 3242 iu
1613 3185 1684 3245 extis
1701 3200 1750 3244 no-

88 3303 139 3360 uu,
150 3311 311 3374 ,mem
327 3319 408 3375 quin,
422 3303 495 3374 qumi
508 3319 541 3358 θ,
556 3303 659 3358 cmiii,
674 3312 768 3358 nom,
784 3309 814 3357 ,g
824 3331 828 3338 .
838 3300 893 3358 gu.
947 3293 986 3338 tas
1001 3279 1145 3348 ridebant,
1162 3287 1188 3334 ct
1203 3279 1279 3351 quasi
1293 3295 1347 3334 uon
1361 3278 1493 3346 litassent,
1511 3279 1610 3350 sepius
1625 3277 1748 3337 immola-

89 3397 163 3453 geu,
175 3397 384 3454 ,equumngypg
397 3396 530 3456 megin,
540 3397 641 3453 uum„
652 3397 752 3452 „mu
766 3394 838 3452 uun,
852 3395 893 3451 ,p
944 3375 1020 3430 bant.
1046 3373 1145 3430 Verum
1161 3370 1308 3428 identidem
1324 3382 1447 3428 mactatae
1461 3372 1560 3430 bestie
1574 3373 1641 3432 uitrtt
1656 3383 1750 3432 osten-

88 3505 146 3546 rum
166 3491 254 3548 irtisse
267 3490 437 3547 secularium
454 3490 589 3546 bonorum
604 3491 782 3561 praerogativa
794 3489 822 3544 in
837 3489 893 3560 pri·
944 3465 1153 3536 dibilisd‘lflic
1163 3466 1292 3538 ssliisslfll
1302 3466 1513 3538 illearospicum
1527 3467 1618 3540 legis,
1632 3483 1681 3527 ⁵0¹¹
1692 3483 1752 3525 ⁸¹¹⁵·

89 3585 139 3640 mi,
151 3585 342 3657 ,muium
353 3585 407 3642 Μ
418 3585 456 3642 pp
470 3601 485 3640 ,
494 3585 653 3642 impsum,
667 3584 778 3640 pungi„
789 3585 892 3641 mg,
943 3559 1070 3632 piciens,
1087 3575 1134 3616 seu
1148 3559 1219 3629 sisu,
1239 3561 1279 3616 ait
1290 3558 1392 3616 ideirco
1405 3574 1459 3616 non
1470 3560 1638 3632 respondere
1653 3575 1749 3632 sacra,

88 3678 217 3748 arguitur.
246 3674 301 3734 Cur
313 3677 397 3748 orgoi
411 3678 480 3746 Quia
497 3686 576 3742 tune,
596 3677 684 3748 iuquit
698 3676 835 3740 baluzius,
849 3675 892 3731 lli·
943 3653 1016 3728 sl¹¹⁰s¹
1041 3653 1123 3712 leblffi
1147 3653 1248 3711 ‘filissis
1274 3653 1380 3725 lli⁰f²¹¹¹i
1400 3653 1525 3712 ¹¹⁰¹¹l5¹¹ss⁸
1545 3655 1748 3716 illlelsssfflssid

90 3770 615 3830 cuneu13mffiopiuiy„,pinnum„
628 3769 797 3836 uicum,
811 3768 891 3842 guy„
944 3749 1002 3806 lilia
1018 3764 1083 3804 sero
1098 3748 1126 3804 in
1137 3747 1329 3804 dissertatione
1351 3747 1521 3806 ostendimus
1542 3747 1637 3805 eadem
1653 3763 1668 3806 a
1682 3747 1752 3804 Lac·

91 3861 171 3932 lupi,
193 3863 229 3922 u,
243 3877 298 3936 qu,
310 3864 426 3936 iiim,
441 3871 544 3920 „uon
560 3863 685 3936 uuum,
700 3865 781 3936 isui,
792 3879 891 3920 nom„
944 3844 1029 3898 tautio
1046 3843 1071 3898 in
1084 3842 1208 3916 genuinis
1220 3841 1373 3899 divinarum
1387 3841 1589 3900 institutionum
1603 3840 1679 3898 libris
1692 3855 1751 3898 oae-

92 3955 218 4026 igoorare
231 3971 286 4012 noa
295 3965 412 4028 poterat.
426 3959 462 4012 At
471 3955 626 4026 reipublice
636 3956 793 4014 ebristiauae
807 3957 892 4014 intor-
946 3937 1042 3996 ¹¹l⁰f¹³³
1056 3937 1189 3994 mindaii·

92 4061 166 4119 erat,
188 4060 220 4107 ιι
246 4051 310 4107 ntus
328 4051 455 4108 mutuas
469 4049 642 4121 pressere,
663 4053 686 4108 n
709 4052 792 4108 antu
805 4052 892 4108 trono·
977 4043 1056 4113 Quod
1068 4051 1158 4100 autea
1170 4042 1253 4113 anun
1265 4051 1453 4114 argumentum
1465 4041 1530 4098 inde
1541 4041 1599 4096 cru
1609 4053 1689 4110 posse
1699 4055 1751 4110 ou·

92 4157 151 4198 rum
160 4143 347 4214 prerogativis
358 4141 455 4199 latisset
469 4143 641 4214 conspicuus.
653 4143 708 4200 Sed
723 4145 816 4216 paucis
834 4161 892 4201 rnu-
942 4146 1014 4206 tant,
1040 4151 1095 4208 quo
1121 4135 1165 4192 bic
1190 4136 1223 4190 de
1242 4135 1368 4192 Mortibus
1383 4143 1571 4207 perrecturum
1580 4133 1648 4194 iiber
1662 4133 1750 4193 citicae

92 4237 171 4292 raher
189 4237 492 4306 10‚upefuunqeejme,
508 4236 608 4304 Nouis,
631 4239 754 4303 (ymo,
769 4239 892 4294 edissere
941 4238 1079 4285 asseratur
1097 4226 1255 4298 Lactantio,
1274 4227 1343 4284 illud
1365 4227 1426 4283 aliis
1443 4242 1497 4283 non
1517 4226 1607 4298 ntagtti
1622 4225 1751 4297 ponderis

92 4339 179 4388 utrum
200 4333 351 4401 hieremie,
367 4348 448 4405 quem
467 4333 601 4388 nepesini
616 4333 695 4402 nujus
717 4332 779 4388 uhu
799 4341 892 4389 aricio.
942 4320 1087 4377 ridebitur.
1101 4319 1165 4376 llaec
1183 4336 1301 4392 namque
1312 4320 1424 4376 laistoria
1433 4321 1501 4374 satis
1509 4318 1636 4386 celebris,
1652 4327 1680 4374 ct
1690 4318 1752 4377 ubi·

93 4439 148 4479 rem
168 4441 231 4483 esse
245 4425 379 4496 dabimus,
396 4425 487 4482 atinus
505 4425 543 4480 los
559 4425 641 4482 luerit
664 4425 744 4496 brojas
765 4427 891 4497 martyris
942 4429 994 4485 tlte
1008 4411 1311 4487 disseminantes
1333 4411 1580 4483 dirersisciusdsm
1592 4411 1749 4473 meismet

93 4531 191 4575 nornen
205 4521 369 4577 mesaneos
386 4519 531 4576 seculares
544 4517 700 4590 dunum,
715 4533 795 4590 quem
809 4533 892 4591 prop.
942 4506 1031 4566 eetatis
1045 4506 1224 4577 scriptoribus
1240 4505 1379 4566 aremorico
1395 4505 1557 4567 traderetur.
1571 4505 1674 4565 osiride
1685 4519 1753 4563 vero

96 4619 133 4666 ter
143 4621 198 4668 tam
216 4615 321 4686 insigne
333 4613 512 4684 martyrium?
524 4611 678 4669 Firmianus
691 4653 698 4678 ‚
717 4611 816 4684 inquis,
829 4612 892 4670 Lao·
905 4599 934 4664 b
946 4601 1103 4662 Lactantius
1125 4599 1265 4674 (sarran.
1282 4601 1328 4658 bb·
1340 4617 1365 4658 tt
1379 4598 1480 4666 Itum-t
1493 4616 1553 4669 cap.
1565 4599 1623 4672 Π)
1639 4615 1693 4660 nott
1703 4615 1753 4656 ⁰⁰·

95 4705 192 4761 antius
206 4706 340 4778 ignorarit
353 4707 425 4764 illios
436 4721 546 4774 nomem
558 4707 619 4776 quia
630 4706 712 4762 bomo
726 4707 892 4764 erstobsca·
946 4699 1009 4756 dem
1022 4698 1101 4769 9¹³⁰ss
1116 4696 1198 4754 1¹10<l⁰
1211 4712 1272 4755 eim
1286 4697 1447 4766 demissius
1462 4705 1543 4768 ttttte
1557 4695 1682 4758 cecilius·
1697 4695 1750 4754 Ne·

95 4809 149 4852 ros.
166 4799 222 4856 ssd
242 4799 330 4867 illud,
358 4799 485 4871 inquibo‚
509 4801 635 4870 ignorare
648 4814 701 4858 non
716 4799 813 4871 possin
829 4800 892 4872 quia
946 4809 999 4866 qne
1018 4793 1100 4850 ctiam
1126 4790 1190 4862 ille,
1205 4792 1434 4864 quemadmodum
1448 4790 1493 4848 bic
1515 4798 1611 4848 auctor
1635 4799 1749 4856 noster,

96 4889 286 4952 celeberrimus
300 4893 351 4952 luit
363 4903 476 4966 martyr,
488 4893 536 4966 qui
549 4893 577 4950 ia
590 4893 670 4960 urbe,
685 4893 731 4949 ubi
747 4893 893 4964 imperato·
946 4889 1015 4946 disit
1025 4896 1053 4945 et
1067 4889 1167 4958 sepius
1184 4896 1214 4945 et
1230 4888 1330 4944 lrustra
1343 4886 1474 4958 repetitas
1485 4887 1521 4946 sb
1531 4884 1648 4944 ethnicis
1658 4897 1752 4944 sorer-

96 4987 257 5058 sanctiens
267 4987 436 5058 manebus,
446 4989 483 5046 uti
494 4989 545 5056 ais,
556 4987 701 5060 degebant,
713 4989 892 5060 tsmglorioss
946 4983 1054 5043 dotibus
1065 4981 1200 5054 pecudum
1214 4980 1424 5040 immolationes.

97 5091 147 5134 ooo
161 5079 213 5151 ipsi
233 5083 296 5150 soli,
311 5081 360 5139 sed
381 5081 537 5140 christianis
548 5083 694 5151 omatibus,
708 5092 798 5140 morte
810 5083 892 5138 ritem
984 5085 1107 5157 lienique
1114 5085 1197 5156 longe
1210 5084 1354 5142 obscurior
1363 5083 1471 5140 uidetur
1485 5078 1581 5141 Geeilii
1590 5093 1673 5145 uosm
1682 5079 1752 5137 bac·

98 5171 192 5233 linivit.
208 5177 374 5250 Reipublioss
388 5193 455 5250 ergo
467 5179 624 5236 christiane
633 5179 749 5234 mltmn
763 5180 895 5235 intererat
945 5180 1024 5236 tantii
1043 5179 1174 5236 namatio.
1194 5178 1427 5235 Errimrerobuao
1447 5174 1567 5233 Ceeilius
1587 5173 1750 5244 toqrttmia

98 5273 126 5320 m
143 5267 297 5328 uenustas
321 5272 491 5331 invictissimi
514 5272 588 5330 illius
608 5274 750 5345 msrtyris,
770 5275 894 5344 quamtis
945 5271 1202 5338 modumrouidrns
1210 5267 1516 5338 ministrorum,scimtss
1530 5264 1750 5334 iionlnsmmtest

100 5358 164 5417 alias
174 5363 359 5420 obscurissimi
380 5363 515 5434 bomitris,
531 5379 630 5420 nomen
643 5367 749 5422 ceteris
768 5365 894 5422 omnibus
945 5364 1106 5420 assisterent.
1118 5362 1174 5420 Sed
1187 5363 1316 5433 quinon,
1333 5361 1451 5416 obsecro
1464 5366 1511 5426 te,
1524 5366 1588 5412 sunt
1602 5355 1641 5415 illi
1655 5357 1750 5412 mistis·

101 5460 152 5508 tam
164 5454 329 5526 munitate,
348 5471 428 5528 qnam
454 5455 599 5526 genetibus
624 5456 796 5517 mantissam
822 5457 894 5514 lisce-
948 5457 1000 5526 tri,
1020 5471 1056 5512 so
1081 5454 1200 5524 Cbristi,
1215 5455 1261 5510 rel
1274 5451 1449 5515 Diocletiani,
1465 5457 1513 5505 snt
1530 5448 1752 5506 nausearent

101 5552 157 5609 ret;
174 5555 201 5602 ut
215 5546 442 5606 confunderentur
454 5546 498 5612 bi,
513 5559 540 5602 et
562 5547 613 5613 illi,
634 5548 668 5604 sd
681 5548 817 5618 religionis
836 5564 895 5606 sure
948 5549 1074 5607 Totidem
1085 5550 1159 5604 euim
1172 5548 1260 5604 modis
1272 5545 1396 5615 ambigua
1411 5543 1457 5597 illa
1471 5543 1553 5599 rerba
1566 5552 1684 5612 possent
1697 5543 1751 5598 tati·

104 5633 281 5697 deiernionem
295 5641 379 5713 rosgis
401 5638 622 5698 accenderentur.
636 5640 672 5696 Δι
685 5641 818 5698 Errsebius
838 5642 893 5701 lor·
948 5657 1002 5714 que
1016 5641 1155 5713 explicari.
1180 5641 1220 5695 -ttt
1240 5652 1300 5694 estro
1327 5635 1520 5692 olsturitatem
1536 5633 1617 5704 plaste
1638 5635 1750 5692 sssvtln

104 5728 168 5786 sitan
181 5733 333 5794 necetius
355 5734 414 5804 ejus
438 5746 537 5790 omnen
563 5733 805 5802 pretermiserunt,
831 5736 894 5804 quia
948 5735 1188 5802 memoriensem
1198 5726 1637 5800 scripsitzouidansmiuistrarsot
1647 5741 1750 5781 nastro-

110 5833 169 5886 tune
182 5827 304 5890 oosaibtts
315 5829 635 5899 satlsemtetmportura.
949 5845 1017 5884 rum.
1029 5827 1111 5884 Forte
1122 5835 1214 5882 tamea
1225 5819 1343 5880 Ceeilitn
1356 5821 1384 5878 ia
1396 5817 1530 5878 Lactmtli
1545 5825 1620 5876 testo
1634 5814 1749 5892 legeret.
