4017 6350
68 353 132 411 ‚dii
455 344 609 405 btsstiitr.
627 343 662 406 iti
680 343 744 402 LiB.
756 342 802 403 DE
820 342 994 403 MORTIBUS
1013 344 1204 409 sensiculi.
1224 342 1300 405 CAP.
1321 344 1369 401 tx.
1678 348 1733 407 eis

83 465 156 533 fecti,
166 464 195 521 in
207 464 400 537 imperatorum
414 462 515 533 palatio
525 470 737 529 commorantes,
751 462 821 519 banc
831 476 877 532 po·
898 469 919 529 Α
933 475 982 517 suo
992 460 1101 518 Galerio
1120 459 1285 534 imperatore
1298 473 1463 535 susceperat.
1477 462 1648 536 Quapropter
1661 462 1733 520 Cau-

83 565 208 616 testatem
223 556 352 615 uxoribus
367 554 577 627 domesticisque
591 555 648 611 suis
669 568 722 610 non
736 553 877 621 feceruut3
931 554 1069 612 didinnum
1091 558 1163 615 illius
1184 576 1217 617 er
1239 561 1390 616 concubina
1414 559 1497 615 fllium
1514 561 1564 617 sibl
1580 560 1729 631 adoptavit.

84 652 134 709 nisi
159 652 267 721 ipsimet
293 651 469 721 imperatores
493 650 655 715 annuerint,
676 656 723 705 aut
737 648 811 718 prius
823 648 879 704 suis
930 645 1054 704 Garlerius
1075 664 1142 705 tero
1163 652 1298 719 moriens,
1314 662 1341 709 et
1353 652 1424 709 burrc
1436 661 1463 710 et
1477 652 1611 709 valeriam
1625 652 1731 711 Licinio

83 745 212 802 uxoribus
236 742 358 801 eamdem
380 742 501 799 dederint
531 742 696 799 tenultatem.
717 741 784 809 Quis
806 742 879 798 enim
930 742 1148 814 commendarit,
1175 746 1302 820 illiusque
1325 746 1433 805 tradidit
1453 748 1480 804 iu
1499 762 1605 804 marrus.
1622 748 1656 803 Et
1669 747 1730 805 baec

82 836 300 895 nesciatsoiitum
310 850 370 893 esse
379 834 523 891 curialium
533 844 561 891 et
572 834 751 906 palatinorum
762 848 877 901 morem,
930 833 1038 906 quidem
1058 852 1091 893 eu
1106 836 1209 895 Ceeilio
1233 848 1326 895 nestro
1349 840 1514 911 accepimus.
1529 842 1731 909 selexpticatu

83 930 188 988 utnibll
200 930 259 987 fere
270 930 341 985 aliard
357 928 462 1000 publice
475 935 570 999 agant,
594 942 674 997 quam
687 924 758 999 quod
771 925 879 996 regibus
931 926 995 983 illud
1011 926 1158 993 difficilius,
1173 929 1244 1000 quod
1260 930 1366 1003 abipso
1380 948 1473 989 rursus
1492 935 1526 991 de
1541 936 1636 993 mdctu
1648 935 1729 995 laie-

83 1025 203 1097 plaeeatl
225 1021 405 1081 Verisimiiius
426 1028 469 1078 est
487 1019 568 1091 igitur
594 1018 646 1075 iilis
665 1017 774 1076 Eusebii
789 1018 879 1073 serbis
930 1018 989 1085 ria,
1004 1016 1188 1091 Carrrdidiauo,
1202 1035 1234 1078 ac
1247 1022 1412 1091 Severiano,
1438 1027 1531 1083 Severi
1557 1028 1731 1099 imperatoris

81 1118 316 1191 significaremus
328 1118 488 1175 concitatam
501 1130 516 1171 a
531 1114 698 1171 Diocletiano
712 1112 739 1167 in
752 1110 879 1168 christia·
931 1113 987 1172 filio
1011 1126 1135 1173 narratur
1150 1134 1158 1173 ε
1174 1134 1185 1169 ι
1199 1116 1349 1187 Licinium,
1368 1137 1379 1172 ι
1400 1119 1504 1190 iuquit,
1522 1140 1532 1175 ι
1547 1122 1603 1193 jam
1627 1122 1729 1193 pridem

81 1228 130 1271 nos
142 1210 373 1284 persecutionem,
394 1209 573 1280 imperatores
592 1204 802 1263 domesticorum
816 1218 880 1260 suo·
930 1209 1008 1279 quasi
1021 1208 1121 1264 malrum
1134 1218 1305 1278 metuentes,
1318 1226 1380 1267 cum
1391 1212 1536 1270 blasimino
1550 1231 1611 1273 esse
1625 1218 1731 1275 malue-

81 1324 138 1365 rum
163 1304 339 1378 conjugibus,
363 1302 504 1374 multoque
517 1300 602 1374 magis
620 1299 735 1355 suismet
749 1298 879 1355 risoribus
931 1310 1002 1371 rant,
1015 1318 1071 1373 pras
1082 1300 1273 1376 labrisque
1288 1305 1382 1361 uolens
1392 1305 1637 1367 Licinioiuomnes
1647 1310 1732 1369 biasi-

79 1399 214 1460 liceutiam
229 1399 336 1457 dedisse
346 1414 422 1456 suurn
437 1397 543 1453 colendi
558 1394 726 1467 religionem.
931 1396 1014 1453 miani
1027 1396 1128 1455 Galerii
1140 1400 1311 1459 traereditates
1319 1401 1381 1473 jure
1390 1418 1441 1460 suo
1454 1404 1562 1474 cedere,
1570 1407 1642 1465 idem
1649 1409 1733 1467 blaxi-

113 1495 149 1551 Δι
160 1494 266 1551 tametsi
280 1506 326 1549 res
338 1492 376 1547 ita
389 1506 420 1547 se
431 1488 554 1555 haberet,
566 1487 593 1543 in
606 1482 819 1543 controversiam
833 1482 880 1539 ati·
930 1487 1006 1544 mino
1020 1501 1176 1562 negaverat.
1189 1510 1200 1545 ι
1214 1490 1311 1548 Notene
1325 1493 1397 1550 enim
1412 1494 1471 1552 baec
1483 1498 1566 1553 uerba
1579 1499 1733 1572 significant

79 1589 231 1648 bucsocari
244 1596 333 1660 potest
345 1595 434 1643 utrum
446 1582 538 1641 Prisca
547 1594 573 1639 et
583 1580 701 1647 Valeria,
723 1581 879 1651 priusquam
931 1578 1077 1649 Valeriam,
1086 1589 1149 1652 post
1160 1584 1248 1640 mariti
1259 1584 1302 1641 sni
1311 1583 1413 1645 Galerii
1425 1598 1550 1657 mortem,
1558 1605 1620 1646 cum
1629 1591 1735 1651 Licinio

82 1684 265 1743 Diocletianus
278 1680 550 1738 christianosrerars
562 1678 686 1749 ooeperlt,
703 1676 880 1732 christianam
931 1677 1113 1734 remansisse?
1135 1676 1326 1736 Verumtamen
1349 1680 1424 1751 psius
1447 1680 1568 1739 dixerat:
1587 1704 1598 1739 ι
1614 1683 1736 1744 Venerat

80 1780 236 1849 religionem
261 1790 367 1833 reuera.
383 1774 543 1845 amplexatae
566 1774 630 1827 sint.
652 1769 687 1826 Et
711 1769 737 1825 iu
756 1768 879 1825 baluzius
931 1780 993 1841 post
1014 1772 1116 1829 obitum
1141 1772 1279 1831 llarinriai
1304 1773 1400 1831 dalmi
1418 1777 1452 1833 ad
1465 1794 1536 1844 curn,
1549 1776 1732 1849 bumannum,

79 1872 187 1944 quidem
203 1871 309 1943 penitus
322 1870 467 1937 inficiatur,
477 1864 664 1938 quiaCecilius
679 1863 750 1919 haud
765 1865 880 1921 obscure
895 1879 918 1941 Β
933 1860 1050 1931 Valeria,
1064 1880 1125 1922 cum
1141 1882 1170 1922 se
1184 1877 1291 1939 putaret
1304 1867 1331 1923 in
1344 1869 1463 1939 partibus
1477 1869 1536 1940 ejus
1549 1873 1631 1927 tulius
1645 1887 1735 1929 mora·

80 1964 239 2023 testificatus
252 1974 294 2021 est
308 1963 426 2020 Priscam
441 1969 469 2017 et
478 1960 614 2017 Valerium
628 1972 708 2013 ausas
721 1973 775 2013 nun
796 1954 882 2013 fuisse
934 1964 1023 2013 turam
1035 1975 1042 2023 ;
1054 1974 1088 2014 eo
1101 1961 1240 2028 maxime,
1261 1960 1334 2033 quod
1352 1962 1469 2020 babebat
1483 1980 1605 2021 uxorem.
1625 1986 1636 2021 ι
1650 1966 1735 2025 Nom·

79 2060 161 2132 impio
176 2058 335 2118 Diocletiani
346 2060 456 2115 decreto
470 2056 610 2127 refragari.
624 2053 705 2126 Atqui
718 2054 741 2110 si
755 2052 882 2110 christia·
933 2048 996 2121 quid
1010 2052 1170 2123 responderi
1183 2064 1273 2126 potest
1286 2056 1473 2113 breuissimum
1489 2057 1574 2116 fuisse
1591 2060 1650 2133 ejus
1664 2062 1736 2134 apttd

80 2170 140 2211 nam
153 2152 236 2211 fldem
252 2167 346 2209 reuera
361 2150 566 2223 profitebantur,
590 2162 640 2204 cnr
652 2146 713 2202 allis
728 2145 884 2202 christianis
933 2138 1066 2197 Licinium
1080 2161 1204 2215 morarn,
1219 2162 1250 2203 ac
1262 2148 1388 2220 protinus
1402 2149 1555 2223 confregisse
1567 2154 1601 2209 ad
1616 2154 1739 2211 llaxlmi·

80 2248 247 2306 mulierculis
254 2246 390 2318 eripueris,
399 2244 446 2317 qui
457 2252 529 2300 tanta
540 2241 698 2299 fortitudine
713 2241 792 2298 fldem
806 2256 883 2297 suam
934 2238 1092 2308 oum‚apud
1107 2256 1186 2311 quem
1202 2257 1232 2297 se
1247 2242 1373 2298 tutiorem
1389 2242 1448 2301 fore
1460 2246 1682 2317 sperabatldtsi
1692 2262 1738 2304 res

81 2342 113 2399 ad
125 2342 289 2399 dirissimam
305 2355 390 2402 usque
404 2337 617 2395 internecionem
630 2334 746 2393 confessi
761 2342 835 2403 suut,
852 2334 885 2391 ti·
935 2330 970 2385 ila
985 2330 1030 2401 sit,
1048 2348 1098 2388 cur
1110 2333 1237 2391 omnibus
1251 2335 1351 2393 Galerii
1367 2338 1446 2393 botris
1459 2338 1544 2394 roluit
1565 2340 1669 2397 Licinio
1693 2356 1738 2397 oe-

82 2434 210 2491 midiores
232 2447 294 2490 sese
314 2430 438 2489 nefandis
465 2430 637 2487 etlrnieorum
664 2426 805 2484 sacrifieiis
828 2436 883 2483 tam
936 2424 1018 2482 derel
1032 2426 1158 2483 llonuulll
1171 2430 1262 2500 itaque
1277 2432 1304 2488 in
1319 2442 1394 2488 textu
1406 2430 1501 2489 Ceeiili
1513 2434 1675 2499 noiaaa,non
1691 2449 1740 2491 au-

83 2526 160 2584 facile
171 2524 436 2601 coinquinaverunt?
456 2524 514 2580 liuc
532 2521 652 2588 aceedit,
664 2519 734 2593 quod
750 2531 841 2591 postea
856 2520 885 2577 in
936 2526 992 2575 tem
1005 2520 1093 2577 soleas
1107 2522 1252 2595 legendum
1274 2526 1456 2594 suspicantur.
1471 2526 1573 2583 Verum
1585 2530 1612 2583 ln
1624 2527 1740 2585 Colbcr·

83 2619 133 2677 boc
145 2618 242 2677 Cecilii
256 2619 325 2676 libro
339 2633 432 2676 earum
446 2616 544 2686 saepius
559 2615 590 2671 lit
602 2614 722 2681 mentio;
741 2613 836 2671 nullibi
846 2620 887 2670 ta·
937 2612 994 2667 tino
1005 2614 1099 2672 codice
1110 2619 1242 2688 seriptum
1254 2628 1314 2675 est:
1336 2618 1437 2674 Valenti
1449 2618 1560 2675 Licinio.
1569 2618 1638 2676 llide
1647 2629 1740 2676 autern

84 2730 144 2771 mett
156 2714 241 2771 ulium
256 2727 367 2785 prorsus
380 2710 523 2782 religionis
544 2708 712 2778 christianae,
729 2707 764 2763 ab
776 2706 816 2764 eis
827 2722 888 2763 stre·
938 2713 1028 2762 ulrum
1044 2708 1107 2765 inde
1120 2709 1163 2765 bic
1173 2726 1269 2767 seusus
1279 2710 1342 2767 elici
1354 2726 1481 2781 umquam
1497 2713 1591 2783 possit,
1605 2712 1740 2770 Licinium

84 2816 179 2877 cepte,
192 2804 336 2876 uestigium
345 2812 442 2861 exstat.
455 2803 525 2872 Quin
538 2802 622 2857 immo
632 2816 685 2857 non
700 2808 809 2872 propter
819 2799 888 2856 itanc
938 2797 1058 2856 uoltrisse
1070 2800 1097 2855 iu
1110 2817 1206 2859 omnes
1216 2800 1346 2858 inuadere
1356 2802 1458 2860 Galerii
1468 2804 1649 2874 lraereditates,
1658 2815 1742 2877 atque

85 2900 266 2972 religionem,
285 2898 333 2956 sed
347 2898 529 2955 conditionem
543 2905 571 2953 et
585 2895 759 2968 pudicitiam,
773 2894 812 2951 uti
825 2909 887 2951 mox
939 2890 1043 2949 idcirco
1066 2891 1201 2950 Valeriam
1227 2893 1372 2952 confestim
1397 2899 1432 2951 alt
1454 2911 1488 2952 eo
1510 2897 1629 2967 fugisse;
1651 2906 1681 2954 ut
1705 2896 1741 2953 ad

89 2994 222 3061 dicemus,
236 2994 406 3065 interempta
422 2992 557 3049 dicuntur.
940 2984 1133 3055 Maximinum,
1148 2989 1195 3059 qui
1211 3004 1322 3045 uxorem
1346 2989 1477 3059 babebat,
1500 3004 1560 3047 sese
1574 2990 1657 3048 tutius
1672 2989 1743 3047 reci-

119 3086 171 3143 Alii
194 3097 285 3142 tamen
300 3100 346 3142 eas
365 3094 413 3141 aut
427 3085 588 3142 christianas
602 3083 706 3152 fuisse,
729 3092 775 3139 aul
788 3081 886 3139 saitem
940 3092 1029 3154 peret.
1046 3080 1100 3138 Sed
1116 3079 1176 3153 quis
1188 3080 1226 3138 ibi
1240 3081 1371 3138 Lactantii
1386 3082 1488 3155 stylum
1500 3082 1647 3154 agnoscet?

85 3178 242 3237 christianis
264 3178 363 3236 favisse
384 3178 449 3236 iude
472 3188 604 3250 argrrrrnt;
624 3177 688 3247 quia
703 3175 736 3232 ad
748 3175 888 3247 gentilium
976 3171 1085 3231 valeria
1098 3190 1179 3246 porro
1189 3191 1242 3230 ιιοιι
1255 3191 1326 3239 eam,
1342 3191 1422 3244 quam
1434 3175 1553 3246 optabat,
1567 3192 1583 3230 a
1596 3175 1743 3234 bianituiuo

86 3271 136 3330 diis
148 3271 357 3330 sacrificandum
370 3281 472 3328 coactae
485 3269 597 3326 fuerint.
611 3267 734 3327 Gentiles
748 3266 889 3325 errimuero
902 3271 925 3338 c
941 3265 1097 3338 impetravit
1108 3266 1292 3323 securitatem.
1309 3267 1453 3324 Enimvero
1466 3268 1508 3325 sir
1518 3267 1564 3325 ille
1578 3266 1745 3326 libidinosis-

87 3381 138 3422 non
152 3365 240 3422 invito
249 3373 277 3421 et
286 3364 413 3436 ingratis,
429 3363 476 3420 sed
487 3371 584 3434 sponte
594 3369 623 3418 et
634 3361 705 3416 ultro
718 3359 770 3418 diis
784 3359 889 3416 sacrifi·
942 3361 1029 3417 simus
1043 3361 1113 3416 franc
1127 3360 1232 3432 ipsam,
1248 3359 1347 3431 rejecta
1358 3376 1443 3418 uxore
1453 3376 1513 3427 sua,
1528 3359 1557 3418 in
1570 3360 1744 3419 matrimonio
1803 3415 1807 3422 .

87 3458 192 3514 cabant.
205 3456 275 3527 Quid
289 3471 366 3524 nero,
375 3454 400 3511 si
411 3463 474 3527 post
487 3453 539 3510 boc
552 3453 714 3510 sacrificium
728 3451 831 3523 peceati
844 3463 891 3507 eas
942 3453 1044 3511 habere
1065 3453 1164 3530 voluit,
1187 3472 1265 3529 qaam
1278 3471 1359 3528 nuper
1368 3455 1544 3529 appellaverat
1557 3467 1675 3513 amorem.
1688 3453 1745 3514 Cur

88 3567 139 3609 non
152 3550 330 3624 poenituerit,
343 3557 391 3607 aot
409 3563 466 3622 prae
483 3547 580 3605 timore
594 3547 743 3605 celaverint
756 3545 892 3619 poeuiten-
943 3559 1033 3606 autem
1048 3557 1162 3606 matrem
1177 3548 1339 3620 appellabat,
1353 3548 1404 3604 uisi
1419 3548 1531 3606 honoris
1542 3564 1635 3619 causa,
1644 3558 1672 3606 et
1681 3547 1746 3620 quia

89 3644 172 3702 darni
943 3641 1043 3715 conjux
1059 3641 1147 3699 furerat
1159 3640 1259 3700 Galerii
1274 3642 1408 3715 Augusti,
1433 3643 1479 3715 qui
1503 3652 1646 3715 propterea
1672 3641 1747 3714 quod

121 3737 217 3810 Neque
234 3737 349 3811 objicias
360 3735 490 3794 cecilium
504 3735 658 3808 paulopost
672 3733 742 3807 (cap.
754 3732 803 3803 ib)
815 3731 893 3788 addi·
943 3735 1131 3806 Maximinum,
1142 3748 1172 3792 ut
1183 3736 1313 3804 diximus,
1330 3737 1432 3793 fecerat
1442 3736 1589 3806 cesarem,
1604 3737 1640 3794 ab
1653 3751 1687 3793 co
1699 3752 1748 3808 pa·

89 3830 161 3889 disse
173 3829 300 3890 :ludices
312 3847 358 3904 per
371 3831 458 3888 omnia
469 3829 566 3902 templa
578 3827 710 3884 aniomaos
722 3827 757 3882 nd
766 3825 894 3896 sacrificia
944 3840 998 3900 ter,
1013 3840 1094 3898 arque
1109 3831 1212 3887 ideirco
1225 3845 1297 3886 pgpp
1309 3829 1369 3902 ejus
1383 3840 1471 3888 maner
1483 3843 1606 3887 vocatur,
1628 3829 1748 3900 lpsamee

89 3926 223 4000 cogebant.
243 3925 311 3985 Nam
336 3927 394 3982 bac
413 3941 468 3982 nou
489 3923 588 3981 minori
603 3937 684 3994 quam
698 3923 826 3993 pleraque
840 3922 893 3978 aila
945 3939 1011 3983 vero
1026 3924 1132 3981 Valeria
1145 3925 1257 3998 legatis,
1276 3927 1322 3998 qul
1344 3939 1404 3980 caue
1424 3924 1563 3981 Maximini
1588 3925 1697 3981 uomiue
1717 3923 1747 3981 in

89 4021 147 4093 ejus
159 4022 242 4080 uerba
255 4021 422 4080 obscuritate
432 4020 552 4078 insoluta
567 4027 640 4076 sunt.
661 4018 690 4076 st
704 4019 893 4074 universorum
945 4020 1148 4078 matriruonium
1167 4019 1313 4092 petebant,
1326 4018 1467 4089 respondit
1480 4018 1576 4090 tepidis
1588 4018 1677 4076 adbuc
1689 4033 1748 4076 ma·

91 4115 192 4173 eletiim
205 4115 316 4172 nomine
327 4124 380 4172 illiti
392 4113 528 4186 feliliiest
550 4127 630 4182 quam
642 4111 804 4166 ihfissiiilwi
817 4123 894 4164 0⁰¹⁰·
945 4114 990 4170 rili
1004 4114 1046 4170 sui
1066 4112 1222 4182 cineribus,
1237 4120 1266 4169 et
1278 4111 1306 4168 iu
1321 4109 1400 4166 ferali
1414 4109 1501 4166 uiduae
1515 4109 1626 4180 babitu,
1641 4109 1681 4168 fas
1695 4109 1746 4168 sibi

91 4206 251 4279 prehendit,
272 4205 336 4264 iude
356 4204 455 4263 eoufci
467 4219 521 4260 aron
534 4211 622 4274 potest
634 4200 768 4256 Valeriam
782 4209 809 4256 et
822 4197 896 4256 Prie·
947 4221 1001 4263 non
1015 4204 1099 4262 fuisse
1111 4205 1145 4262 de
1160 4203 1287 4262 secundis
1298 4203 1399 4275 nuptiis
1411 4203 1541 4274 cogitare.
1558 4201 1653 4261 Noniae
1673 4203 1748 4260 euim

91 4316 151 4359 cam
164 4303 250 4359 fuisse
263 4299 435 4358 christianas.
460 4297 490 4355 st
514 4311 579 4352 sero
598 4309 696 4350 nomen
719 4293 786 4351 illud
813 4306 895 4349 sensu
948 4297 1073 4370 Pompilii
1088 4299 1175 4370 legem
1195 4293 1358 4353 Plutarchus
1379 4296 1472 4351 retulit
1486 4294 1634 4368 (Plutarch.
1648 4295 1676 4351 ia
1694 4294 1748 4352 l'a'l.

91 4395 299 4454 accommodato
314 4391 462 4465 accipiatur
476 4404 526 4463 pro
540 4387 667 4445 omuibus
679 4384 851 4452 christianis,
869 4392 897 4441 et
949 4393 1055 4461 dnm,
1067 4403 1087 4448 a.
1102 4393 1134 4463 ι),
1144 4407 1195 4464 qna
1207 4391 1318 4449 vetitum
1333 4397 1402 4459 erat,
1418 4405 1453 4446 ne
1468 4390 1521 4446 ulla
1530 4406 1657 4465 umquam
1669 4389 1750 4449 vidua

93 4488 126 4544 ad
136 4505 185 4546 eos
197 4487 339 4556 referatur,
350 4486 413 4544 bine
423 4493 496 4541 recte
520 4481 652 4538 inferetur
664 4480 725 4537 illas
740 4478 897 4537 christianae
948 4495 1013 4542 ante
1033 4494 1144 4542 exactos
1165 4495 1226 4559 poss
1245 4483 1333 4541 martti
1346 4482 1388 4540 nui
1400 4493 1515 4542 mortens
1533 4485 1628 4544 decem
1640 4486 1750 4545 circiter

94 4583 220 4654 religioni
240 4599 319 4640 suum
334 4581 425 4654 reipsa
435 4577 546 4638 dedisse
560 4593 670 4634 nomen·
688 4573 838 4632 Fatendum
854 4581 896 4629 esi
950 4595 1060 4637 menses
1074 4579 1151 4636 alteri
1166 4580 1289 4635 nuberet.
1303 4577 1417 4634 Ovidius
1428 4589 1519 4636 ιιιιιιιιι
1533 4594 1587 4636 non
1600 4581 1688 4635 solum
1700 4579 1751 4636 bu-

96 4671 176 4744 igitur
191 4674 270 4732 valde
282 4672 436 4744 aurbiguam
452 4685 514 4728 esse
526 4669 644 4725 auctoris
664 4667 749 4724 nostri
767 4665 898 4722 elocutio·
911 4683 939 4747 Ι)
948 4673 1026 4745 jaspe
1036 4671 1140 4729 decreti
1162 4669 1280 4727 reddidit
1300 4673 1453 4738 metantem,
1472 4669 1520 4728 sed
1533 4671 1751 4728 premeditatum

95 4782 168 4834 ssim·
184 4782 219 4823 0¹
231 4782 284 4838 qua
296 4766 338 4822 '¹¹
349 4765 417 4824 ⁰0¹st
429 4761 531 4835 inquid
543 4759 771 4835 P⁰⁸⁵i¹⁰⁰¹¹⁰¹¹¹di
783 4757 899 4814 Verum·
951 4763 1060 4830 feralis,
1078 4764 1115 4819 uti
1133 4762 1251 4834 loquitur
1262 4775 1356 4818 auctor
1371 4772 1480 4830 noster,
1498 4773 1527 4818 et
1540 4761 1661 4833 lugubris
1674 4757 1752 4818 hubi-

95 4867 196 4915 tamem
210 4859 247 4915 ita
271 4857 386 4916 fortasse
408 4859 515 4915 loculus
537 4865 594 4922 est;
617 4855 679 4925 qula
694 4862 760 4909 tune
773 4851 899 4909 omnibus
954 4867 1007 4922 tus,
1021 4871 1075 4928 quo
1090 4855 1178 4925 perid
1192 4864 1297 4926 tempus
1311 4854 1390 4910 sidua
1405 4853 1479 4909 irrdoi
1493 4853 1630 4910 debebat:

96 4959 151 5008 mm
180 4953 349 5022 exploratum
373 4949 442 5016 fuit,
466 4964 547 5021 quarn
562 4963 634 5004 nune
647 4947 843 5018 incompertum
858 4952 902 5001 est
1000 4948 1071 5010 Quod
1081 4945 1377 5005 maseatuteromatris,
1390 4945 1448 4995 dum
1460 4942 1661 5010 praedestinans,

97 5055 189 5103 ulrum
206 5045 296 5102 Prisca
309 5053 336 5102 el
346 5043 452 5102 Valeria
470 5041 625 5100 christianae
638 5039 756 5096 fuerint:
771 5036 819 5093 sed
832 5034 900 5092 titud
1000 5007 1527 5132 Ρέἳθοᾶἓὲπᾙωᾛζέᾓθήῗὲξ
1537 5079 1601 5120 Μ

98 5139 221 5211 profecto
230 5137 347 5198 Ceeiiius
359 5137 476 5211 posteris
487 5135 585 5192 clarius
597 5134 733 5206 explicare
748 5129 875 5187 debebat.
1032 5134 1144 5186 Sustinet
1153 5133 1180 5183 tu
1191 5133 1262 5184 vidua
1276 5132 1354 5205 tristia
1364 5132 1434 5195 signa
1446 5134 1528 5182 domo.

404 5243 550 5289 sericatus
564 5243 593 5284 ιι.
1228 5193 1322 5260 (dard,
1336 5192 1379 5244 tio.
1392 5194 1519 5255 trason,
1529 5203 1553 5244 o.
1565 5195 1597 5246 35
1606 5196 1630 5244 ιι
1640 5197 1720 5260 seqq.)

99 5326 139 5386 De
158 5326 264 5385 Valeria
285 5336 310 5385 ιι
327 5325 491 5384 Candidiano
515 5320 548 5378 ai
562 5335 592 5374 ea
605 5319 636 5374 ob
647 5317 808 5374 sterilitates
822 5313 905 5386 adop·
990 5307 1044 5366 Per
1058 5307 1108 5364 bos
1118 5288 1213 5378 itaque
1226 5320 1334 5361 menses
1347 5303 1386 5360 illi
1399 5303 1501 5359 idcirco
1515 5303 1543 5358 iu
1557 5301 1686 5359 viduitate
1695 5313 1755 5360 crat

135 5431 258 5489 tato,eur
270 5419 318 5477 illa
331 5429 387 5490 poet
397 5414 496 5474 Galerii
506 5413 553 5470 riri
564 5413 605 5468 sati
619 5421 736 5477 morum,
753 5408 853 5465 Licinio
863 5425 906 5464 ιι-
954 5400 1183 5477 permanendum;
1198 5398 1261 5469 quia
1283 5396 1415 5453 moriente
1437 5395 1511 5464 viro,
1537 5409 1681 5468 prmgnans
1694 5411 1756 5452 esse

137 5515 212 5580 ficto,
227 5513 368 5586 conseqerit
381 5509 416 5566 ad
434 5507 616 5570 liminiana,
630 5504 736 5576 ejusque
749 5501 853 5572 nuptias
864 5517 905 5556 re·
955 5504 1075 5569 poterat.
1087 5495 1115 5548 Sl
1127 5493 1203 5565 plura
1217 5491 1368 5554 desideres,
1381 5489 1525 5546 constricte
1538 5502 1668 5562 praeterea
1682 5498 1758 5560 pote-

132 5607 237 5678 p‘ecerit.
251 5605 291 5661 De
303 5605 384 5678 nigris
399 5602 536 5659 uiduarum
548 5599 631 5655 luctus
644 5598 685 5651 atti
699 5607 813 5664 tempore
826 5594 904 5650 oesti-
955 5589 994 5644 tis
1010 5584 1175 5643 Brissouium
1189 5594 1216 5639 et
1229 5578 1425 5640 Gotlrofrcdum
1437 5579 1566 5654 (Brisaon.
1582 5583 1627 5638 tlt.
1650 5582 1683 5638 de
1695 5582 1759 5653 jure

138 5701 339 5766 baumoleum
352 5699 426 5755 naba
435 5694 601 5771 imperatoris
610 5706 677 5749 osor
689 5693 801 5748 notatio
812 5688 906 5744 morito
956 5681 1074 5740 ΰιιιιιιιι.
1088 5680 1116 5734 itt
1126 5681 1187 5749 fin:
1200 5675 1308 5746 Gatlaof.
1323 5681 1377 5726 ²¹⁰¹·
1394 5671 1421 5726 5²¹
1432 5673 1503 5746 led-t
1518 5677 1549 5732 tie
1561 5692 1614 5734 tec·
1625 5684 1700 5748 ιιρι.
1717 5684 1758 5731 bt

137 5801 218 5848 anteo
230 5805 352 5862 umquam
366 5793 492 5862 nupserit.
957 5773 1024 5834 Coti.
1034 5772 1135 5830 eleae.
1146 5790 1173 5845 p.
1183 5769 1234 5828 28¹
1251 5779 1276 5825 ιι
1286 5763 1380 5838 seqq).

104 5951 114 5960 .
139 5881 237 5940 Nullos
247 5890 356 5954 propter
369 5879 541 5938 sterilitatem
555 5877 663 5938 liberos
671 5873 781 5934 valeria
799 5886 835 5932 ox
847 5870 907 5930 viro
994 5869 1108 5926 &astat
1118 5873 1209 5923 autem
1225 5863 1315 5936 nigras
1325 5859 1408 5917 luisse
1419 5861 1541 5922 uirorum
1557 5865 1583 5922 in
1594 5873 1760 5923 mortuarum

306 5977 436 6040 Parnoi.
462 5974 532 6040 vii.
1013 6070 1024 6074 ⁸
1465 5957 1506 6021 3⁰
