4017 6350
90 246 165 309 tent
532 244 609 304 CAP.
630 248 675 305 itt.
696 246 825 306 tuuutt.
848 246 892 303 DE
914 245 1029 308 tantu.
1051 252 1128 311 unt·
1150 252 1288 315 clttttsT.
1681 264 1754 325 tosa

89 370 146 427 tur,
165 358 249 413 tritam
262 356 407 413 itnttnntnr.
429 372 438 409 t
458 354 629 415 lilibitana:
648 380 657 413 ι
673 360 749 415 uun
766 375 829 431 gens
845 369 897 414 tatu
911 362 937 423 A
950 364 1103 424 ludaeorum
1129 369 1328 441 inmunditias
1351 369 1447 428 ltontnt
1463 371 1584 444 ipsorum
1607 377 1752 444 appellari.

89 450 244 506 inltntnnua
261 460 312 519 est,
325 450 396 507 nulla
412 450 487 523 regio
501 460 555 506 tant
570 463 682 521 remota,
695 454 737 509 eui
752 464 795 509 aut
811 456 900 524 passio
951 458 1028 527 Quod
1044 461 1087 518 ille
1102 463 1213 534 insuper
1234 464 1378 520 consumat
1401 465 1531 537 sityttino
1546 481 1647 534 rerstt,
1671 482 1752 538 quem

88 544 166 615 eius,
194 544 324 602 »Christi
339 544 477 614 uidelicet,
495 564 504 597 t
524 554 570 601 aut
588 547 739 617 sntttntttas
754 546 901 619 utajestatis
952 552 1108 609 insecundo
1118 554 1271 626 antiquiore
1281 555 1375 613 codice
1390 557 1464 629 regio
1474 558 1514 613 sic
1524 559 1607 614 latine
1619 558 1751 629 legimus:

87 639 188 710 ignota
199 640 253 696 sit»
271 639 400 713 (antaut.
414 639 458 697 tto.
476 658 511 697 tv.
528 640 596 699 inst.
621 658 679 715 cup.
700 642 767 715 26).
780 644 901 716 Deuitpte
950 640 1103 699 taurorum
1116 645 1217 701 iratum
1231 646 1344 703 diuinum
1359 664 1439 719 putus
1451 648 1601 706 retentant.
1618 646 1673 705 Sed
1686 648 1752 705 illud

87 733 145 788 alio
160 733 253 791 adltuc
276 734 303 789 in
324 733 403 791 loeo:
421 752 432 788 t
450 736 491 791 tto
514 745 591 805 ortu,
615 735 719 807 iuquit,
735 736 801 793 solis
816 750 901 807 ustpue
952 735 1085 792 ntaledieo
1107 736 1187 795 deute
1206 738 1292 811 carpit
1305 738 1438 808 Gatlaeus,
1462 741 1533 814 quod
1554 747 1753 799 auetotnoster

88 825 125 881 ad
153 842 283 883 occasum
297 826 340 882 lex
354 826 446 883 diuina
461 838 585 900 suscepta
601 838 643 886 est
660 848 670 882 t
689 828 900 903 (idemtitas,
952 826 1020 884 dixit
1041 828 1204 886 eltristiattos
1224 830 1379 889 tuuaornnt
1402 832 1474 889 lilios
1497 835 1664 906 nuncupari3
1689 835 1752 906 quia
1804 845 1809 855 ·

88 933 151 989 cop.
175 918 237 991 15).
257 918 323 989 Quis
331 927 420 976 autent
437 918 546 977 dilllteri
563 929 651 991 potest
670 936 729 977 eam
743 920 900 991 religionem
952 918 1051 974 l'anlus
1063 920 1224 990 manifeste,
1240 922 1278 979 uti
1299 923 1345 981 ille
1358 924 1411 992 ait,
1432 925 1467 982 ab
1485 926 1609 998 gentibus
1629 926 1753 983 distinxit

88 1025 155 1067 esse
168 1026 273 1079 veram,
288 1027 349 1083 qum
370 1026 418 1083 per
431 1021 516 1068 totum
537 1021 670 1071 terrarum
689 1012 784 1069 orbem
804 1011 899 1069 eodem
950 1011 1059 1071 iudans
1073 1012 1165 1086 (Paul.
1180 1017 1255 1089 epist.
1269 1017 1304 1072 ad
1316 1016 1403 1075 Galat.
1427 1036 1484 1090 rap.
1513 1034 1558 1089 ιιι,
1574 1020 1591 1077 t
1607 1028 1631 1077 et
1658 1020 1703 1089 aa,
1728 1029 1752 1076 et

88 1102 177 1173 plane
203 1114 346 1175 propagata
376 1111 419 1160 est
441 1105 543 1175 modo,
568 1120 649 1176 quern
676 1104 768 1161 diuino
789 1100 900 1161 aidante
951 1125 1009 1180 erp.
1033 1110 1233 1182 ruoltona
1252 1126 1327 1185 ergo,
1346 1112 1417 1170 bone
1441 1114 1494 1183 nir,
1520 1129 1610 1174 nonne
1629 1116 1751 1171 innatum

88 1194 211 1267 Spiritu,
226 1196 364 1267 prophetae
378 1196 458 1269 longo
473 1206 553 1255 antea
566 1194 765 1267 praedixerant?
780 1194 833 1253 Sed
848 1197 900 1253 ltoc
951 1201 978 1257 itt
1003 1200 1131 1275 antiquos
1154 1203 1285 1261 lieelesiae
1307 1204 1400 1262 Patres
1423 1205 1513 1262 odium
1537 1216 1563 1263 te
1587 1208 1751 1265 oecaearitt

89 1297 286 1359 argumentum
311 1290 392 1359 paulo
415 1290 493 1346 aliter
517 1300 544 1347 et
568 1290 678 1347 ulterius
701 1298 842 1347 tmctatutn
865 1289 900 1347 alt
950 1293 1001 1362 Qui
1017 1295 1089 1354 euim
1105 1296 1228 1355 oltlitisci
1252 1304 1299 1355 aut
1312 1297 1484 1356 dissimulare
1505 1300 1615 1369 potuisti
1627 1300 1752 1357 rttristia-

89 1380 219 1439 Arnobio
229 1382 345 1441 uidimus
358 1392 387 1440 et
399 1384 587 1457 expendimus.
950 1404 1001 1446 nos
1016 1389 1051 1446 ait
1065 1390 1161 1447 codem
1175 1390 1306 1464 Apostolo
1321 1407 1414 1449 semen
1428 1391 1563 1463 tiltraltae,
1584 1402 1665 1465 atquo
1679 1394 1752 1451 iilius

127 1476 267 1535 Caeterum
282 1478 438 1537 Lactantius
447 1479 577 1554 (lactant.
592 1482 636 1537 tat.
648 1496 678 1538 ttt
690 1480 770 1547 lust,
782 1498 839 1553 rap.
853 1481 899 1553 to)
950 1484 1022 1539 sieut
1034 1492 1062 1540 et
1076 1484 1173 1552 littero,
1189 1484 1285 1553 idest,
1301 1486 1377 1543 Sarae
1391 1484 1462 1542 lilios
1476 1485 1628 1559 appellarit

90 1568 119 1628 in
144 1570 343 1643 propositionis
369 1586 424 1629 suae
452 1572 689 1631 eonllrmationcm
714 1576 766 1631 alla
797 1573 900 1646 prolert
987 1577 1168 1646 Quamobrem
1182 1580 1292 1636 omissis
1307 1581 1350 1637 lais
1362 1582 1446 1652 inepti
1459 1580 1614 1638 scholiasta
1628 1582 1752 1655 quisqui-

90 1664 254 1721 corumdem
266 1680 404 1723 sacrorum
418 1676 508 1723 uatum
525 1668 687 1735 testimonia,
699 1670 795 1740 quibus
810 1669 897 1739 ptalatn
950 1671 1009 1739 liis,
1036 1673 1205 1731 Lactantium
1232 1684 1355 1733 nostrum
1377 1691 1525 1749 sequamur
1553 1676 1645 1751 (laet.
1659 1677 1748 1753 ibid).

90 1756 323 1815 denuntiaverant
340 1759 416 1827 iore,
432 1772 461 1817 ut
474 1758 614 1831 Citristus,
630 1761 753 1818 nltdicato
767 1774 794 1820 et
806 1762 899 1819 exltre·
913 1769 938 1830 Β
952 1764 1034 1822 Suam
1057 1775 1146 1824 antem
1169 1770 1347 1826 assertionem
1368 1784 1463 1827 rursus
1487 1769 1585 1841 proltat
1606 1770 1657 1827 ltac
1678 1770 1752 1827 isaim

91 1851 191 1908 sedato
205 1852 317 1909 Judaico
334 1853 442 1925 populo,
458 1853 621 1911 eltristianos
641 1854 741 1911 taceret
762 1855 838 1927 regni
857 1856 898 1911 sui
952 1857 1128 1927 prndietioue
1153 1861 1163 1932 (
1173 1858 1251 1917 isaias
1271 1873 1328 1933 rap.
1344 1877 1414 1931 xtu,
1430 1862 1483 1919 det
1497 1862 1525 1935 i)
1540 1878 1548 1923 ;
1562 1863 1639 1933 Apud
1659 1879 1751 1935 punit,

91 1942 231 2001 lamrodes.
255 1944 373 2001 Primum
395 1954 486 2003 atatem
506 1946 625 2003 desumit
645 1961 679 2003 ex
700 1946 743 2002 lais
756 1946 900 2003 llieremiaa
951 1948 1053 2021 inquit,
1076 1949 1155 2005 Pater
1169 1968 1283 2010 summus
1303 1952 1339 2008 od
1361 1955 1460 2011 Filiam
1485 1954 1617 2028 loquitar,
1644 1956 1752 2013 dicens:

91 2038 203 2095 veritis:
219 2038 285 2095 lices
298 2039 352 2095 dies
368 2041 483 2110 aenium,
504 2041 566 2097 dicit
587 2040 731 2108 Dotttinus,
745 2052 768 2095 et
783 2057 901 2097 consum·
951 2038 1009 2113 Ego
1024 2040 1149 2097 Dotttinus
1173 2041 1244 2101 [leus
1263 2046 1350 2101 uocaui
1369 2056 1393 2101 te
1408 2047 1436 2102 iu
1453 2048 1593 2121 justitiam,
1618 2058 1642 2104 et
1664 2048 1753 2105 tenedo

90 2132 169 2188 rutulo
180 2132 270 2189 domui
282 2132 377 2203 lsrael,
390 2136 512 2191 ctdotnoi
524 2134 596 2191 lutto
608 2144 785 2191 testamentum
795 2150 898 2203 ttoonnt,
951 2148 1055 2187 tttttttttut
1071 2143 1157 2201 tunna,
1177 2144 1202 2189 st
1221 2135 1377 2206 coinfirmado
1399 2145 1424 2191 te
1446 2138 1538 2210 (ιιιιι
1558 2148 1587 2196 et
1598 2138 1753 2212 Cyprianus

92 2240 146 2281 uon
179 2228 322 2283 secundant
346 2236 524 2283 testanteuttntt
549 2229 617 2300 quod
647 2229 762 2303 disposui
786 2228 901 2300 patritus
952 2223 1042 2298 (Cypr.
1056 2225 1347 2303 lid.ttado.lttdmos,§
1362 2229 1754 2303 l),cou[ortattote),etdrdite

90 2334 184 2375 eorum
203 2320 231 2375 r'u
249 2320 307 2389 die,
323 2337 373 2391 otto
386 2322 545 2395 appretiandi
560 2338 665 2377 attauttttt
681 2338 779 2391 cotum,
794 2333 821 2377 ut
836 2322 900 2378 edu·
950 2318 978 2373 a'n
996 2328 1175 2375 testotneuttntt
1192 2321 1292 2391 genuit
1316 2322 1366 2376 tuet'
1388 2323 1474 2395 (uxxtt
1495 2323 1524 2378 t'u
1546 2325 1629 2397 [cedas
1654 2326 1753 2395 puteris
1797 2318 1801 2325 ’

92 2428 179 2468 cerem
194 2430 237 2470 eos
250 2414 282 2469 de
302 2422 372 2470 terro
394 2414 510 2488 Empti,
525 2417 586 2487 prtia
598 2416 650 2487 ipsi
662 2432 713 2473 nott
725 2430 901 2491 putaueram·
951 2409 1046 2485 lsrael)
1059 2412 1086 2467 in
1102 2413 1183 2469 iacent
1194 2415 1309 2485 gentiunt
1319 2415 1420 2485 aperire
1430 2419 1518 2472 oculos
1532 2432 1670 2485 cocorum,
1689 2434 1752 2489 pro·

92 2507 209 2561 suntin
233 2516 382 2564 tettuntsutn
413 2524 486 2575 meo,
512 2518 534 2563 et
558 2524 605 2581 ego
627 2504 728 2580 rapteri
750 2524 810 2575 eos,
839 2507 901 2563 dicit
951 2510 1044 2561 dacem
1059 2523 1090 2562 ra
1103 2508 1213 2563 uinculis
1232 2508 1369 2580 alligatos,
1391 2519 1416 2563 et
1439 2510 1472 2565 de
1492 2509 1569 2565 domo
1584 2510 1692 2564 carceris
1711 2526 1752 2565 se·

94 2598 227 2657 Dominus
249 2600 378 2673 (litarent.
405 2618 463 2673 cap.
479 2616 558 2667 ιιιι,
587 2603 619 2658 51
639 2610 662 2657 tt
689 2600 746 2675 52).
763 2599 829 2669 Quae
842 2600 902 2671 nui·
951 2598 1038 2654 dentes
1052 2600 1079 2653 in
1094 2598 1213 2655 tenebris.
1228 2598 1332 2667 Quibus
1346 2598 1393 2657 ille
1408 2600 1497 2657 t'erltis
1519 2600 1662 2672 significari
1678 2610 1754 2673 putat

94 2690 157 2747 dem
180 2692 308 2764 leguntur
332 2693 358 2749 itt
374 2707 446 2749 txstt
461 2694 698 2763 interpretatione,
714 2701 741 2749 et
761 2692 831 2764 apud
848 2692 901 2765 Cy·
952 2708 1012 2761 nos,
1029 2708 1090 2750 cunt
1113 2702 1193 2750 antea
1219 2702 1346 2765 tauquam
1366 2694 1453 2764 ecci,
1473 2703 1623 2752 ctearcere
1638 2695 1751 2764 inclusi,

95 2786 223 2857 priamum
237 2786 374 2860 (cyprian.
399 2788 443 2843 tit.
464 2804 490 2855 t,
508 2788 567 2843 ada.
590 2786 713 2857 ludant,
736 2787 832 2861 gil),
855 2791 901 2859 qui
953 2786 1037 2843 ileum
1053 2786 1250 2857 veritatemque
1269 2787 1473 2858 ignoraremus,
1489 2785 1573 2845 inisse
1593 2787 1673 2844 abeo
1691 2787 1753 2845 illu·

96 2898 126 2939 ea
147 2884 229 2940 sicuti
247 2884 403 2944 Lactantius
416 2894 509 2942 noster
524 2886 715 2955 interpretatus
729 2892 781 2941 est.
796 2882 901 2941 liodem
952 2880 1080 2951 mitratos,
1101 2882 1204 2938 solutos
1219 2881 1298 2938 malis
1312 2880 1438 2948 uinculis,
1453 2893 1479 2939 et
1495 2882 1522 2939 in
1542 2882 1619 2956 regui
1633 2883 1754 2942 caelestis

96 2992 208 3050 qttoque
220 2978 302 3035 modo
312 2978 417 3037 duobus
431 2979 458 3035 iu
474 2979 549 3035 libris
561 2990 654 3035 eontra
670 2977 778 3034 tuonos
790 2986 818 3033 et
831 2976 902 3033 llar—
952 2970 1069 3029 adscitos
1090 2972 1287 3033 haereditatem.
1301 2974 1404 3031 liudem
1423 2974 1472 3032 luit
1489 2977 1624 3033 sententia
1644 2976 1752 3035 Tertul-

98 3074 207 3129 eionem
221 3072 284 3131 iude
296 3081 498 3146 argumentatur
511 3071 693 3129 Tertullianus
711 3070 838 3144 (Terruit.
855 3072 900 3127 tat.
953 3064 1027 3134 litui,
1043 3080 1121 3139 ouem
1133 3066 1215 3123 velim
1228 3066 1334 3138 andins,
1348 3067 1479 3125 aduersus
1491 3068 1600 3126 ludaeos
1613 3068 1753 3141 disputan-

98 3166 158 3224 ado.
171 3166 293 3238 ludunt,
308 3185 365 3242 cap.
379 3183 425 3238 tn,
440 3177 464 3224 et
477 3165 522 3223 tid.
539 3182 564 3222 tv
578 3166 637 3222 adu.
655 3164 782 3222 Marcion.
798 3181 855 3238 cup.
870 3169 901 3237 t),
917 3169 940 3236 ρ
957 3167 1027 3226 tem;
1046 3179 1056 3214 t
1074 3157 1189 3232 Aspice,
1209 3180 1218 3215 t
1238 3160 1335 3233 iuquit,
1354 3179 1364 3214 t
1382 3162 1522 3219 universas
1548 3161 1691 3232 nationes,
1718 3164 1753 3223 do

99 3261 146 3333 qui
159 3271 252 3320 tamen
265 3261 371 3318 duobus
387 3261 440 3317 illis
452 3261 478 3316 in
493 3260 561 3316 locis
573 3260 679 3316 diuersa
693 3258 798 3316 ratione
812 3259 904 3314 retulit
955 3252 1083 3324 voragine
1095 3253 1196 3310 erroris
1218 3251 1329 3310 ltumani
1351 3255 1448 3311 exinde
1468 3264 1637 3328 emergentes
1656 3257 1690 3313 ad
1704 3257 1754 3314 do-

101 3355 249 3414 llieremiae
278 3355 372 3414 rerba.
395 3355 449 3412 Sed
478 3354 556 3425 lutjns
583 3352 748 3408 diversitatis
773 3367 827 3406 non
852 3351 903 3408 alia
955 3345 1059 3402 minum
1075 3345 1157 3402 licum
1172 3356 1335 3416 creatorem,
1350 3358 1378 3405 et
1390 3347 1424 3404 ad
1437 3349 1520 3405 Deum
1534 3348 1671 3406 Christum
1684 3349 1752 3423 ejus;

100 3450 199 3521 proeul
213 3451 295 3507 dubio
308 3463 389 3505 eausa
403 3449 467 3516 luit,
488 3447 538 3503 uisi
559 3447 622 3518 quia
641 3445 687 3502 illa
709 3443 856 3518 aliquando
869 3445 903 3502 alt
955 3439 1127 3508 01000005,
1145 3455 1212 3513 negt
1226 3441 1426 3514 prophetatum.
1440 3441 1537 3499 Statim
1550 3443 1598 3500 tilti
1612 3445 1756 3518 promissio

102 3544 171 3615 ipso,
189 3544 260 3604 sieut
280 3543 340 3601 aliis
363 3542 491 3600 Ecclesia
516 3543 639 3599 l‘atrittus
661 3556 711 3598 usu
734 3540 804 3598 ttaud
819 3541 904 3598 semel
955 3535 1075 3590 occurrit
1078 3573 1132 3588 ·····
1162 3534 1238 3592 Sicut
1260 3551 1309 3607 tter
1330 3535 1426 3593 isaiam
1442 3536 1528 3593 dicit:
1551 3537 1623 3596 Ecce
1643 3539 1705 3597 dedi
1727 3541 1756 3598 itt

19 3681 22 3690 t
101 3641 195 3706 uenit,
210 3640 368 3698 memoriter
390 3647 492 3694 tantum
511 3637 614 3694 reddita
635 3647 707 3694 snut.
725 3635 904 3709 llieronyntus
955 3627 1160 3700 dispositionem
1173 3631 1282 3704 80110οῑ0
1293 3631 1358 3698 mli,
1371 3633 1396 3687 5¹¹
1408 3632 1495 3690 100010
1508 3634 1638 3704 tentiam.
1650 3635 1757 3707 aperire

102 3747 168 3790 tero
185 3730 349 3806 (llieroupnt.
365 3733 392 3788 in
405 3732 448 3787 cit.
464 3729 579 3787 llierem.
594 3729 658 3800 tec.)
670 3729 741 3787 ttaud
753 3729 905 3789 dubitanter
957 3725 1050 3782 oculos
1073 3741 1226 3794 00000001,
1253 3728 1344 3800 ntique
1366 3729 1533 3796 immittit,
1559 3731 1699 3787 ⁰¹8⁰ltel⁰
1721 3730 1755 3788 de

103 3833 243 3882 asseverat
262 3822 373 3880 Paulum
388 3821 545 3895 Apostolum
565 3820 618 3879 ltoc
632 3831 711 3878 antea
727 3837 806 3878 usum
822 3820 906 3880 luisse
957 3817 1071 3873 uinculis
1085 3817 1199 3886 uinctos,
1216 3818 1243 3874 id
1262 3831 1320 3889 est,
1344 3819 1379 3876 de
1404 3819 1509 3878 delictis
1532 3821 1658 3890 liberare,
1680 3822 1755 3880 etde

104 3915 272 3983 testimonio,
289 3931 437 3988 omnesque
456 3916 584 3986 deinceps
608 3914 809 3972 ecclesiasticos
823 3916 906 3983 ¹viros
958 3911 1040 3970 domo
1054 3915 1189 3984 carceris,
1204 3915 1231 3972 id
1246 3925 1304 3981 est,
1320 3916 1434 3983 ntortis,
1451 3917 1579 3974 sedentes
1594 3919 1620 3973 iu
1637 3919 1755 3977 tenebris

105 4013 247 4069 censuisse
263 4012 327 4070 illud
348 4013 373 4068 in
391 4011 478 4082 primo
493 4011 594 4068 Citristi
608 4009 726 4067 adventu
743 4009 905 4080 completum
958 4007 1116 4078 ignorantiae
1138 4007 1252 4065 scilieet.
1274 4009 1424 4081 attestati.
1451 4009 1497 4066 tto.
1520 4013 1579 4067 ada.
1605 4013 1670 4070 tud.
1694 4031 1752 4086 rap.

108 4106 219 4175 quando
233 4103 410 4178 Euangelium
425 4103 518 4160 Veteri
537 4102 714 4160 Testamento
729 4101 868 4158 successit.
957 4097 1019 4172 ιιι).
1035 4099 1105 4168 Quid
1117 4109 1207 4157 autem
1222 4100 1374 4170 Lactantii,
1388 4116 1437 4160 oro
1453 4111 1489 4170 te,
1504 4102 1677 4176 disputationi
1697 4122 1757 4163 nta-

142 4197 296 4256 Sccundam
310 4197 406 4254 laturae
419 4197 497 4266 hujus
511 4196 690 4254 successionis
705 4194 906 4267 praedictionem
958 4191 999 4262 gis
1017 4191 1186 4264 congruum?
1198 4192 1294 4251 Nonne
1314 4193 1336 4252 is
1350 4193 1398 4252 tilti
1413 4194 1549 4253 tideititur
1562 4196 1636 4256 illam
1651 4214 1685 4256 es
1704 4199 1757 4256 ltoc

107 4288 149 4347 his
163 4290 319 4346 Lactantius
333 4288 420 4360 (lact.
436 4287 513 4358 itta.)
532 4296 627 4344 censet
646 4287 764 4359 exprimi
784 4285 907 4357 ejttsdem
959 4281 1117 4340 Tertulliani
1148 4284 1222 4340 toute
1245 4284 1390 4343 hausisse?
1414 4287 1480 4357 Quis
1504 4304 1569 4361 ergo
1594 4289 1757 4350 inficiabitur

108 4381 252 4440 Hieremia
265 4382 355 4440 uerbis
367 4399 373 4436 :
386 4381 517 4452 Dereliqui
529 4381 633 4435 donnum
645 4395 736 4445 mratn,
753 4378 908 4434 diunisiae·
959 4391 1051 4433 teram
1077 4391 1140 4434 esse
1167 4376 1325 4450 religionem
1352 4388 1516 4437 sectatorum
1542 4381 1664 4453 Cltritti,
1690 4399 1758 4455 quos

107 4478 242 4534 reditoteut
256 4493 338 4532 strunt
354 4475 436 4550 (ιιιιι
450 4473 569 4530 addunt:
584 4471 651 4528 Dedi
662 4473 781 4529 dilectam
795 4471 909 4526 unitatum
960 4469 1101 4542 prophetae
1113 4480 1142 4527 et
1162 4472 1277 4542 ipsemet
1288 4471 1411 4529 Citristus
1424 4473 1652 4532 annuntiaverant
1672 4477 1701 4532 in
1719 4477 1760 4534 lo-

109 4575 202 4645 turam)
214 4573 242 4628 in
261 4588 352 4628 manus
366 4570 530 4626 inimicorum
544 4570 609 4641 ejus.
627 4565 711 4623 Foeta
724 4574 761 4623 est
773 4565 910 4622 hereditas
923 4573 949 4634 ι)
961 4579 1023 4622 eum
1039 4566 1208 4625 exitercdati
1230 4566 1323 4641 populi
1334 4566 1438 4626 Iudaici
1452 4568 1582 4626 diuinitus
1594 4569 1761 4628 substituen-

110 4667 348 4740 marturanensi
372 4665 411 4722 leo
432 4665 460 4720 iu
472 4665 553 4736 tutta.
574 4662 653 4720 Dedit
674 4679 750 4736 super
767 4677 807 4718 tue
822 4661 907 4736 (ιιιιι
961 4660 1030 4717 dos?
1043 4660 1097 4718 Sed
1121 4659 1219 4719 deltis
1241 4661 1349 4733 legendi
1369 4661 1491 4719 lustinus
1512 4663 1540 4720 iu
1565 4662 1678 4736 Dialogo
1699 4679 1761 4721 cunt

110 4773 199 4818 contra
213 4760 263 4834 tue)
277 4777 362 4817 norem
382 4775 466 4828 suoru,
490 4757 548 4812 ideo
573 4757 618 4813 odi
639 4772 695 4812 eam
719 4756 807 4829 (ιιιιι
828 4753 907 4817 adiuti
961 4753 1119 4828 Tryphone,
1132 4763 1160 4812 et
1172 4754 1305 4812 Eusebius
1315 4754 1350 4812 de
1365 4754 1517 4813 demonstr.
1531 4755 1634 4828 Euaug.
1656 4755 1703 4813 lib.
1718 4772 1758 4826 ιι,

111 4871 167 4910 aaut
200 4853 376 4927 (Hierongm.
402 4869 459 4924 cop.
486 4864 543 4920 ιιι,
569 4850 584 4904 t
610 4859 637 4906 et
658 4847 711 4922 8).
737 4847 908 4906 llaereditatis
963 4863 1015 4920 pag
1028 4847 1093 4915 llo,
1106 4855 1135 4904 et
1146 4861 1204 4920 sen.
1218 4856 1298 4920 atoue
1310 4847 1367 4904 alii.

113 4951 252 5007 enimuero
265 4951 390 5016 nomine,
413 4947 451 5003 ait
471 4943 644 5013 lactantius,
662 4957 715 4999 non
730 4956 843 5012 regnum
862 4941 909 4998 de·
998 4939 1091 5013 Neque
1104 4955 1186 5014 porro
1198 4939 1251 4997 illae
1261 4939 1416 5010 dumtaxat,
1429 4955 1490 5013 qum
1502 4939 1694 4998 exitumsuunt
1712 4940 1762 5000 lta·

113 5045 244 5117 signatur,
257 5042 305 5101 sed
317 5042 414 5114 ingrati
427 5047 455 5097 et
467 5039 542 5111 impii
556 5037 677 5096 haeredes
692 5035 797 5104 iudaei,
812 5034 909 5108 quibus
963 5033 1097 5099 buerunt,
1119 5033 1153 5090 de
1174 5032 1320 5090 cltristiaua
1337 5033 1468 5106 religione
1480 5032 1644 5090 instituenda
1657 5049 1690 5090 ae
1702 5050 1765 5107 pro·

114 5137 237 5196 Christus
250 5137 334 5194 lactus
347 5142 389 5193 est
403 5135 472 5191 sicut
484 5133 538 5200 leo,
559 5132 585 5188 id
607 5141 663 5198 est,
680 5129 787 5202 praeda,
801 5127 910 5201 quando
963 5124 1086 5197 paganda
1106 5125 1312 5197 praedictionem
1327 5126 1374 5184 sed
1389 5126 1510 5198 eiusdem
1531 5126 1613 5181 etiam
1627 5126 1766 5199 religionis

114 5247 176 5289 eum
193 5229 283 5289 crucis
301 5227 433 5302 supplicio
457 5222 666 5292 interfecerunt,
686 5238 749 5279 cum
774 5221 847 5293 prins
863 5219 911 5276 de·
963 5219 1104 5288 sanctitas,
1118 5219 1281 5278 documenta
1295 5229 1322 5277 et
1334 5229 1486 5294 precepta,
1501 5219 1600 5292 quibus
1613 5236 1673 5280 earn
1698 5238 1763 5294 pro·

116 5330 316 5400 dissent‘ruprr,
332 5325 389 5381 sive
411 5332 500 5378 eontra
520 5320 693 5390 ipsumsuout
706 5333 802 5386 uacent,
829 5314 912 5372 idest
965 5311 1073 5370 litentes
1095 5329 1144 5386 per
1173 5322 1260 5372 totum
1284 5316 1346 5372 tritae
1374 5331 1431 5372 suae
1460 5315 1626 5374 curriculum
1652 5316 1768 5375 lideliter

116 5423 209 5481 mortis
230 5418 401 5478 sententiam.
425 5413 604 5483 Hieronymus
618 5425 683 5468 reru
704 5417 732 5467 et
753 5409 798 5464 atii
813 5423 912 5480 magno
965 5406 1090 5464 oltsccuti
1113 5416 1187 5478 suot,
1211 5407 1355 5466 ueritatem
1372 5407 1446 5465 illius
1464 5409 1561 5466 mirum
1576 5408 1657 5480 plane
1669 5409 1697 5466 itt
1709 5425 1768 5467 mo

117 5529 248 5573 eonsettsu
269 5509 330 5567 ltuie
352 5507 570 5582 propheticorum
591 5502 734 5560 neruorum
750 5502 911 5572 interpreta-
966 5497 1031 5556 dum
1045 5502 1234 5571 comprobant.
1248 5500 1316 5556 Nam
1331 5500 1420 5558 omnis
1438 5499 1664 5570 christianorum,
1679 5502 1769 5574 inquit

119 5609 182 5667 tinni
195 5606 425 5678 subscripserunt.
967 5591 1122 5648 Lactantius
1141 5591 1282 5666 (Laetam.
1308 5590 1353 5646 lid.
1379 5607 1406 5662 ι,
1431 5608 1489 5664 cup.
1512 5591 1560 5664 a),
1585 5591 1679 5664 religio
1702 5595 1767 5666 quid

152 5701 237 5759 Porro
261 5707 352 5754 autem
375 5693 437 5752 inde
456 5691 560 5763 colligit
579 5689 734 5748 Lactantius
753 5685 916 5746 ctntsttanos
967 5685 1041 5744 aliud
1062 5687 1200 5760 praecipit,
1215 5683 1268 5742 nisi
1285 5690 1316 5739 nt
1330 5685 1435 5744 illinon
1451 5686 1608 5744 solumsine
1622 5686 1767 5745 scelereet

118 5793 296 5870 exgentibus
323 5803 338 5846 a
364 5786 472 5846 Citristo
495 5791 656 5842 conuocatos
682 5793 711 5842 et
735 5779 863 5843 suffectos
889 5779 916 5838 in
968 5780 1094 5852 macula,
1108 5781 1156 5840 sed
1175 5781 1220 5854 pie
1237 5786 1385 5854 sancteque
1397 5782 1509 5839 risantl
1523 5783 1560 5842 dt
1572 5779 1630 5838 lieri
1648 5795 1701 5840 nou
1715 5795 1766 5855 po-
