4017 6350
40 368 105 429 855
446 366 600 429 btsssttt.
621 367 655 427 trt
674 367 740 430 cttt.
764 366 807 425 DE
827 364 1000 428 subtilitis
1019 368 1212 431 PERSECUT.
1232 370 1364 443 clnctt.
1467 328 1496 373 ο
1683 374 1738 435 did

43 481 246 545 christianos
258 501 291 546 ex
306 484 405 561 palatio
418 498 467 542 stto
479 498 551 541 anno
570 484 641 553 519,
655 493 699 541 aut
712 482 766 545 540
778 482 877 555 eiecit,
892 482 1313 560 Aestclarlsslmttmolimapnd
1326 485 1465 545 nonaum
1474 487 1739 547 luissecoecillorttm

43 580 140 652 atque
155 580 236 638 inde
251 580 409 639 eruditiores
422 578 508 636 critici
521 578 624 636 ducunt
635 576 836 648 persecutionis
846 575 881 635 ab
931 582 1050 649 pentem,
1066 592 1101 635 en
1115 593 1168 651 qun
1182 593 1287 648 omnes,
1310 587 1443 654 quotquot
1454 582 1507 639 orti
1520 592 1623 649 essettt,
1639 595 1740 641 nomen

45 688 85 733 eo
101 676 253 735 excitatus
267 675 383 733 initium.
399 672 514 732 cecilius
530 675 620 745 itaque
641 675 712 731 intra
729 672 810 745 buius
827 672 882 731 515
932 668 1099 740 acciplebant
1109 669 1336 741 ceciliiaddito,
1347 680 1377 729 ut
1389 686 1405 728 n
1419 672 1575 732 seinvicem
1589 674 1741 747 distingue·

46 776 78 826 et
94 768 161 827 520
176 771 254 827 anni
269 768 396 843 spatium,
413 768 485 825 bunc
497 768 594 825 librum
605 767 766 838 composuit.
933 772 1037 829 rentur,
1052 764 1196 835 nyttomirte
1213 764 1316 836 aliquo,
1337 774 1367 822 et
1385 766 1531 835 aliqnando
1542 766 1625 825 etiem
1637 782 1739 839 eogno-

89 862 161 932 Quo
188 874 290 921 autem
310 862 422 936 praecise
441 878 514 921 anno
527 878 635 921 martum
654 860 778 919 ultimam
791 862 818 919 ei
831 860 882 917 iut-
933 854 1017 909 misse·
1046 853 1173 913 44111111
1190 869 1299 927 4110111111
1323 865 1384 927 41051
1410 857 1556 915 isthmum
1578 859 1739 931 religionem

48 954 217 1029 posuerit,
246 956 319 1014 dictu
344 972 409 1013 sane
435 955 580 1013 dilllcilius.
608 954 745 1027 Scriptum
768 968 884 1027 namque
933 946 1109 1004 christianam
1131 962 1275 1005 commune
1295 947 1345 1003 lttit
1364 946 1465 1006 cecilii
1477 965 1586 1008 nomen.
1599 952 1691 1009 Palam
1703 952 1744 1007 si·

50 1046 252 1104 Sozomenus
271 1044 341 1121 (stt.
364 1065 373 1103 t
399 1046 501 1104 llistor.
516 1046 630 1117 Cocles,
645 1065 704 1121 cop.
719 1048 747 1117 7,
762 1066 789 1123 p.
805 1046 884 1121 408),
934 1041 1043 1114 quidem
1057 1041 1171 1099 fecimus
1183 1041 1328 1114 quemdam
1351 1040 1379 1097 itt
1393 1040 1502 1099 llinucii
1515 1042 1613 1101 Felicis
1629 1044 1741 1099 Octauio

50 1138 180 1210 reliquit
198 1138 339 1197 Licinium
355 1151 416 1215 post
428 1138 599 1197 Cibalensem
613 1155 746 1213 pugnam,
767 1154 820 1213 qua
834 1155 885 1197 att·
935 1134 1070 1193 introduci
1080 1133 1231 1202 cecilium,
1241 1133 1288 1205 qni
1301 1133 1411 1204 reiectis
1420 1135 1591 1191 etitnicornm
1604 1134 1742 1207 religioni·

52 1246 94 1288 tto
108 1230 172 1288 514
190 1246 293 1299 mense
304 1231 408 1289 octobri
428 1230 645 1299 tconstantlno
661 1232 733 1289 illios
747 1231 885 1291 tunebos-
935 1232 1002 1296 bus,
1025 1244 1094 1303 unas
1117 1228 1267 1289 defendere
1289 1228 1389 1286 trustra
1407 1237 1522 1287 oonsms
1544 1230 1643 1299 luerat,
1668 1229 1744 1287 cbri·

53 1329 95 1392 le,
114 1324 220 1382 nictus
235 1334 288 1393 est,
304 1334 407 1382 mutato
420 1341 531 1399 prorsus
546 1327 647 1392 animo,
662 1326 825 1385 christianos
838 1341 885 1385 eo·
936 1326 1052 1383 stiaoam
1071 1324 1259 1383 lubentissime
1270 1324 1390 1395 suscepit
1411 1322 1569 1397 (dissertet.
1595 1326 1624 1379 in
1639 1323 1740 1381 illese.

58 1429 194 1491 rumque
220 1418 381 1477 sacerdotes
401 1416 463 1477 ideo
480 1418 563 1477 uariis
582 1421 669 1491 poenis
688 1418 833 1489 aillixisse;
857 1428 887 1479 ut
936 1434 994 1492 cup.
1018 1418 1045 1484 l,
1072 1427 1124 1473 ort.
1149 1415 1188 1489 5).
1215 1415 1305 1474 tilium
1323 1414 1413 1472 ndboe
1432 1414 1614 1485 Hieronymus
1637 1412 1742 1487 (cnut.

56 1510 158 1568 eidem
186 1508 374 1569 Constantino
398 1512 517 1585 ipsorum
541 1514 639 1568 latttori
659 1522 766 1569 crearet
786 1512 886 1571 moles·
937 1510 1276 1589 strtptbcetmmput,
1291 1528 1351 1585 puy.
1364 1509 1586 1583 libidinosum
1600 1507 1742 1565 Caecilium

56 1602 144 1661 iiam.
165 1602 256 1661 Tunc
278 1618 342 1677 erpo
356 1604 477 1677 coepitio
494 1602 555 1660 illos
568 1604 698 1676 grassari.
712 1604 784 1675 Quin
805 1606 886 1663 etiam
937 1605 1071 1663 Africanae
1091 1606 1213 1663 ecclesie
1239 1605 1444 1678 presbyterum,
1469 1619 1484 1659 n
1507 1617 1562 1676 quo
1580 1600 1745 1675 Cyprianus,

57 1696 212 1754 Eusebius
228 1693 299 1771 (lto.
320 1713 329 1753 t
351 1697 382 1753 de
402 1696 461 1755 litu
482 1694 630 1769 Constant,
649 1714 706 1770 cup.
731 1694 758 1765 5,
771 1716 798 1772 p.
819 1695 885 1770 446)
937 1696 1159 1773 carthaginensis
1181 1698 1342 1771 Episcopus,
1356 1698 1392 1755 ad
1413 1696 1589 1755 christisnam
1603 1696 1683 1752 iidem
1697 1694 1747 1749 ad·
1830 1712 1834 1720 ·

56 1788 147 1846 uobis
160 1786 286 1846 exbibet
300 1788 449 1845 orationem
464 1804 479 1845 a
492 1786 597 1847 Licinio
614 1799 676 1847 onte
695 1788 839 1847 cibalense
853 1788 886 1846 tt·
938 1793 1042 1859 ductus,
1071 1793 1189 1865 sumpsit
1202 1793 1291 1865 ipsum
1305 1791 1377 1849 itlem
1400 1790 1501 1848 cecilii
1523 1797 1744 1862 cognomentum.

58 1880 108 1940 lud
140 1880 280 1955 praelium
308 1880 448 1952 babilam,
473 1900 525 1957 tyna
549 1882 678 1941 militibus
698 1882 782 1941 edixit
805 1882 881 1952 deos,
897 1872 923 1937 B
939 1884 1061 1957 lienique
1082 1885 1109 1940 in
1128 1884 1251 1955 pluribus
1268 1882 1391 1956 ejusdem
1409 1880 1539 1955 Cypriani
1558 1881 1683 1953 epistolis
1695 1894 1747 1935 no·

58 1986 134 2047 quos
147 1974 295 2032 hactenus
308 1976 459 2044 coluerant,
472 1976 495 2032 si
509 1976 765 2045 victorianensem,
780 1977 815 2033 ab
825 1994 883 2034 om·
937 1994 998 2035 men
1021 1977 1124 2035 cecilii
1144 1979 1304 2051 inscriptum
1318 1978 1433 2049 lenimus
1455 1975 1591 2050 (Cypriae.
1614 1974 1700 2047 lipitt.
1715 1975 1745 2043 7,

60 2067 150 2125 nibus
166 2066 235 2125 lore
249 2082 357 2141 semper
373 2066 564 2137 ltonornndos;
589 2082 669 2125 secus
689 2084 771 2137 nero,
793 2067 884 2125 colen·
937 2072 982 2141 57,
997 2072 1045 2140 45,
1058 2072 1104 2141 dl,
1119 2070 1177 2146 71)).
1291 2122 1297 2133 ,

60 2158 131 2217 dum
145 2160 333 2218 Constantini
352 2158 448 2217 Deum.
466 2158 564 2217 Verum
586 2160 650 2217 iude
669 2177 722 2218 non
741 2160 885 2217 cottltcitur
972 2168 1133 2240 squammis
1145 2166 1175 2222 bi
1188 2166 1288 2239 aliique
1309 2165 1379 2223 bene
1401 2164 1490 2233 meisi,
1510 2165 1674 2221 doctrinam
1688 2164 1746 2235 pie-

63 2267 134 2314 tttnc
160 2267 272 2315 motam
292 2259 326 2316 ab
347 2258 393 2315 illo
409 2258 490 2314 luisse
516 2258 650 2330 publicam
674 2256 885 2314 inchristianius
936 2268 991 2319 tate
1004 2261 1136 2332 insignes,
1164 2274 1263 2317 nomm
1289 2259 1355 2317 titud
1376 2259 1546 2326 mitissime
1568 2260 1694 2315 utimini
1707 2268 1748 2314 m.

63 2352 320 2424 persecutionem,
341 2352 388 2408 sed
402 2352 490 2423 potius
510 2366 571 2409 eum
592 2352 703 2423 ancipiti
722 2348 809 2407 adbuc
829 2349 885 2407 bm-
936 2369 1012 2422 mon,
1026 2368 1107 2425 quom
1120 2353 1167 2409 alii
1182 2353 1303 2425 plerique
1316 2368 1412 2410 omna
1427 2360 1590 2425 κιμιιιιιιιι,
1604 2350 1656 2408 sibi
1671 2352 1749 2409 risus

65 2444 142 2501 sisse
158 2447 260 2503 auimo
275 2460 355 2518 qnam
367 2446 527 2519 religionem
542 2454 587 2501 aut
606 2446 751 2519 rejiceret,
766 2454 812 2501 aut
826 2452 885 2503 tue·
937 2455 980 2505 est
989 2454 1065 2503 certo
1074 2447 1256 2520 etperspiouo
1266 2444 1481 2519 deprehendisse
1494 2444 1607 2501 boeium
1620 2441 1746 2512 cultum,

65 2544 156 2593 retur.
169 2536 248 2607 Quid
259 2553 335 2608 nero,
348 2538 418 2611 quod
433 2539 490 2595 luco
503 2541 604 2611 privata
619 2538 715 2598 Licinii
729 2538 797 2598 lactu
810 2542 885 2599 Ceci-
937 2554 985 2596 seu
999 2534 1140 2595 Caecilium
1152 2536 1319 2595 Firmienum
1330 2537 1500 2595 cessantium
1514 2536 1676 2607 buiusllbri,
1690 2546 1747 2593 nott

68 2628 118 2700 llo,
136 2632 186 2703 qui
201 2630 314 2705 longius
329 2632 432 2703 aberat,
448 2630 533 2690 latero
544 2635 705 2705 potuerunt?
937 2646 1017 2689 secus
1029 2641 1110 2703 atque
1129 2630 1256 2698 aliorum,
1283 2630 1318 2685 de
1341 2630 1441 2703 tyuibus
1456 2630 1664 2701 disputavimus,
1685 2644 1749 2687 esse

105 2724 142 2779 At
157 2732 241 2782 certo
261 2724 306 2781 ille
325 2725 382 2799 ipse
399 2738 493 2799 aperte
506 2726 626 2783 declarat
645 2738 706 2801 post
721 2744 803 2798 supro
828 2744 884 2786 me·
938 2737 1076 2785 sectorem
1089 2739 1122 2782 ac
1139 2732 1289 2797 parentem.
1302 2724 1466 2780 Persuasum
1489 2732 1579 2780 autem
1601 2724 1627 2779 id
1641 2724 1678 2779 ita
1698 2722 1749 2779 ba-

70 2824 214 2873 moratum
239 2816 336 2873 Licinii
358 2817 476 2874 edictum
496 2818 642 2886 ιιιιιο545,
664 2835 714 2893 pro
736 2822 886 2879 oltristians
937 2820 1056 2887 bttit;nt
1069 2819 1238 2892 nlloabstyue
1247 2816 1677 2889 setopnloinprltunllltrlbuios
1691 2806 1751 2875 cdi·

71 2910 213 2981 religione
238 2908 349 2981 datum,
375 2910 546 2969 subsecutam
574 2929 635 2970 esse
661 2929 754 2973 mettse
773 2924 886 2987 augusto
939 2915 1021 2980 tione.
1042 2923 1072 2971 et
1089 2913 1138 2968 alii
1155 2914 1183 2969 in
1206 2911 1450 2984 subseqnentibus,
1469 2920 1587 2983 quatuor
1605 2910 1650 2967 ills
1669 2910 1747 2967 Lucii

73 3002 117 3060 sel
145 3004 321 3075 septembri,
350 2999 488 3062 llanitnini
514 3014 542 3062 et
570 3004 729 3063 Candidioni
758 3019 884 3064 montem.
939 3002 1636 3075 ceciliiliirminnibactantiinominapraslinerint.
1653 3002 1748 3075 deone

74 3092 145 3153 'lom
160 3096 268 3155 deinde
289 3106 399 3166 narrat,
417 3098 464 3155 illo
478 3108 604 3167 mortuo,
632 3100 765 3157 Valeriam
785 3102 887 3159 biocle·
939 3113 1002 3156 eum
1016 3097 1062 3154 ttel
1075 3096 1218 3153 minimum
1229 3094 1339 3167 quidem
1353 3103 1459 3152 morata
1470 3104 1534 3153 snut
1545 3096 1648 3153 omisso
1661 3097 1688 3151 in
1700 3107 1749 3153 re·

76 3193 143 3251 tiani
160 3191 271 3262 liliam,
297 3209 358 3250 eum
375 3203 460 3250 matre
483 3207 531 3250 sua
548 3194 639 3252 Prisca
655 3211 703 3270 per
716 3197 804 3252 uarias
825 3210 887 3269 pro
940 3193 1034 3250 leniet
1048 3192 1128 3248 unico
1146 3190 1241 3248 codice
1253 3189 1411 3248 Colbertino
1428 3189 1484 3246 dtto
1500 3190 1651 3262 posteriora
1668 3203 1749 3246 toea·

76 3287 206 3358 vinciae,
224 3287 323 3359 plebeio
336 3285 417 3354 cuitu,
440 3288 586 3359 quindecim
600 3290 728 3344 mentibus
744 3275 923 3362 vagantemG
940 3287 1015 3353 buln,
1029 3285 1127 3357 quibos
1144 3283 1301 3340 iactantius
1321 3297 1338 3338 a
1356 3283 1463 3340 celeris
1482 3283 1619 3353 omnibus,
1633 3281 1751 3352 caecilii,

78 3393 200 3445 errasse,
212 3387 394 3452 etutramtyne
409 3390 501 3452 postea
515 3381 610 3452 capitis
624 3380 777 3438 damnatam
790 3381 831 3452 (c.
841 3382 886 3446 48,
939 3379 997 3435 site
1009 3377 1084 3434 Caelii
1099 3375 1209 3433 nomine
1220 3375 1374 3449 appellatis,
1394 3376 1504 3447 proprio
1526 3377 1608 3448 pomi
1628 3375 1749 3447 quodam

78 3481 102 3528 ct
112 3473 211 3548 seem).
228 3469 343 3530 sturton
357 3473 448 3546 itaque
459 3482 522 3530 sunt
534 3476 604 3530 circo
615 3475 696 3530 finem
707 3475 769 3532 nttni
782 3474 844 3540 514,
860 3485 889 3532 ιιι
940 3476 1097 3533 charactere
1111 3472 1282 3530 discernitur.
1298 3470 1367 3527 llam
1379 3486 1424 3539 ea,
1439 3471 1542 3544 tomis,
1565 3471 1602 3527 ab
1615 3473 1750 3530 oscitante

80 3567 150 3624 inira
165 3567 258 3625 lusius
272 3567 460 3642 explicabitur.
477 3569 601 3626 Nondum
621 3584 686 3640 ergo
708 3571 750 3627 iric
770 3571 838 3628 libor
861 3572 889 3628 in
941 3568 1064 3633 librario,
1077 3565 1155 3621 sicuti
1166 3563 1327 3622 sirmondus
1339 3563 1375 3620 ad
1384 3563 1527 3622 Sidonium
1537 3563 1655 3622 insimili
1664 3579 1751 3621 cansa

82 3661 171 3719 lucem
194 3669 263 3719 lunc
278 3663 426 3734 prodierat.
438 3665 472 3721 tlt
487 3677 549 3720 cum
564 3663 601 3720 ibi
614 3664 732 3734 liniatur,
744 3679 832 3721 ttontte
847 3665 890 3722 in·
941 3666 1092 3735 annotavit,
1101 3665 1285 3737 pretermissa
1300 3673 1373 3721 sunt.

82 3753 117 3812 de
130 3754 206 3812 baud
222 3755 361 3813 immerito
376 3755 499 3813 concludi
511 3764 601 3829 potest
613 3755 687 3814 illum
701 3755 826 3814 acecilio
838 3757 891 3816 boe
977 3759 1078 3817 Tribus
1090 3769 1181 3816 autem
1194 3759 1403 3831 atyuutentisod
1416 3757 1596 3816 bunclibrnm
1607 3757 1751 3814 Lactantio

84 3848 143 3921 ipso
158 3858 288 3923 temporo
309 3849 458 3922 proiectum
474 3891 481 3917 ,
503 3864 566 3907 curu
589 3849 656 3906 nibil
670 3850 777 3921 adbuc,
793 3866 843 3909 neo
857 3848 891 3908 de
943 3853 1144 3918 uindicandum,
1160 3862 1188 3908 et
1198 3851 1271 3909 illius
1288 3851 1391 3909 nomini
1407 3851 1479 3908 baud
1488 3849 1645 3908 dubitanter
1656 3849 1752 3906 inseri·

84 3941 224 4003 Cibaleusi
241 3945 354 4017 praelio,
370 3960 420 4002 uec
440 3944 474 4002 de
489 3946 604 4003 excitata
617 3959 633 4002 a
647 3944 752 4001 Licinio
766 3945 793 4000 in
805 3943 892 4001 cltris·
943 3946 1064 4004 bendum
1079 3959 1109 4003 se
1121 3945 1260 4002 inductum
1279 3944 1513 4022 luisseslynilicat.
1528 3944 1621 4000 Primo
1632 3944 1750 4012 etenim,

86 4037 175 4094 tianos
200 4037 392 4111 perseeutione
416 4039 561 4111 quidquam
585 4038 719 4112 comperti
742 4037 890 4096 ltabuisset.
945 4039 990 4095 ubi
1010 4039 1191 4110 Hieronymus
1212 4037 1329 4108 genuina
1351 4035 1483 4092 Firmiani
1509 4035 1642 4092 muntii
1666 4047 1751 4105 opertu

88 4129 128 4189 lb
150 4147 185 4190 eo
207 4133 301 4206 itaque
323 4131 369 4189 bio
386 4130 457 4190 liber
481 4133 553 4190 circa
575 4133 657 4190 linem
681 4131 745 4188 anni
760 4131 833 4200 544,
846 4141 896 4188 aut
945 4140 1096 4196 enumerat,
1113 4131 1141 4186 in
1151 4145 1246 4187 eornm
1260 4143 1375 4186 numero
1385 4129 1470 4199 ponit,
1486 4127 1705 4199 deponentium
1717 4125 1753 4182 ii·¹

88 4223 169 4296 paulo
185 4231 248 4298 post
262 4225 380 4298 scriptus
394 4223 511 4280 uidetur.
945 4227 1021 4282 ltrom
1035 4239 1124 4280 cents.
1139 4225 1175 4279 bt
1186 4224 1210 4280 is
1228 4223 1287 4294 ipse
1299 4232 1353 4290 est,
1368 4222 1407 4278 ait
1426 4221 1562 4290 Baloion,
1576 4219 1676 4294 dequo
1694 4221 1753 4292 syl·

403 4341 518 4398 CAPUT
538 4341 571 4397 11,
946 4317 1109 4392 1441144444.
1130 4316 1194 4372 Nol.
1215 4317 1243 4372 itt
1259 4315 1338 4386 ltrty‘ss
1351 4315 1397 4370 tit.
1413 4315 1482 4370 tt'ttti.
1495 4313 1651 4386 Hieronem.
1665 4311 1753 4371 Calain

948 4415 1047 4487 Script.
1058 4411 1161 4468 Eccles.
1174 4428 1233 4483 sup.
1248 4409 1295 4478 811,
1310 4425 1372 4482 puy.
1388 4408 1463 4484 ist).

983 4507 1138 4566 secundm
1148 4521 1217 4562 nero
1229 4514 1419 4576 argumentum
1430 4503 1477 4560 tlte
1490 4503 1572 4560 duxit
1591 4517 1625 4559 en
1639 4502 1755 4573 bujnsce

949 4603 1010 4660 libri
1024 4601 1104 4674 stylo,
1118 4599 1164 4672 oui
1178 4599 1230 4669 ipsi
1240 4596 1353 4654 omnino
1365 4597 1557 4655 insumimus
1565 4597 1641 4654 visus
1655 4605 1707 4654 est.
1718 4596 1756 4653 lis

909 4679 1099 4770 Itumttem
1112 4695 1255 4752 sonorum
1275 4691 1526 4764 tttmttmmtnm,
1540 4693 1589 4765 qut
1609 4690 1705 4747 tube
1718 4691 1756 4746 tt·

355 4825 504 4870 mum,
525 4825 631 4870 mm„
948 4789 1012 4857 bro,
1030 4784 1257 4859 quemadmodem
1268 4785 1394 4857 genuinis
1406 4783 1538 4842 metandi
1558 4782 1695 4855 operibus,
1710 4781 1754 4837 its-

98 4903 280 4982 Ptopeettttlttr
303 4907 574 4981 supereminentibus
595 4906 702 4980 plorimi
719 4901 788 4961 buna
803 4902 901 4960 iiim
947 4893 1126 4943 conteruntur.

159 4999 295 5060 sonum
307 5001 441 5060 minu.
449 5002 574 5058 undeni
585 5017 659 5074 pm
671 5005 833 5074 ,mmm
983 4977 1105 5035 tertium
1118 4973 1235 5047 duriose
1252 4973 1365 5031 rattoms
1381 4980 1540 5029 nomentum
1557 4969 1593 5026 ab
1606 4983 1640 5024 eo
1652 4965 1757 5038 petitor

133 5111 208 5172 tom
219 5117 301 5189 inuios
318 5115 420 5184 iteum,
440 5112 548 5173 mh„
560 5115 648 5188 qm„
668 5115 695 5170 5„
710 5113 791 5172 ,meo
803 5113 900 5172 codiee
948 5071 1076 5131 exnsrils
1093 5069 1221 5175 loquendi
1237 5068 1336 5136 modis,
1355 5067 1403 5140 tyni
1424 5067 1452 5123 iu
1475 5067 1537 5133 boo,
1553 5065 1625 5120 sicut
1645 5062 1674 5117 in
1693 5056 1757 5118 aliis

98 5201 254 5267 colneium
270 5208 441 5277 demamus,
465 5209 526 5264 yffi,
541 5211 654 5265 omnmo
676 5213 895 5281 mmmmm,
950 5165 1083 5224 mennon
1096 5163 1173 5220 ltbrts
1188 5161 1222 5220 nd
1235 5160 1348 5219 verbum
1359 5163 1494 5236 leguntur.

100 5301 365 5376 uun·

952 5450 1108 5508 Lactantius
1128 5445 1290 5520 inculpatis
1310 5445 1440 5500 librorum
1458 5451 1569 5495 suorum
1591 5434 1759 5492 editionibus

953 5559 1009 5600 nort
1020 5541 1152 5607 cecinna,
1169 5541 1217 5596 sed
1232 5539 1330 5594 Cellas
1343 5543 1464 5588 roemor.
1474 5529 1527 5586 Sed
1542 5526 1688 5599 respondet
1701 5533 1757 5583 tarn

952 5639 1020 5697 levis
1044 5636 1174 5691 momenti
1193 5645 1254 5688 esse
1275 5631 1345 5684 lttme
1361 5625 1563 5694 dilllcttltotettt,
1578 5631 1608 5678 ut
1621 5621 1758 5678 neminem

953 5743 1066 5803 prorsus
1079 5739 1191 5782 morere
1201 5723 1307 5778 debeat.
1322 5719 1352 5773 le
1370 5718 1525 5774 colbertino
1538 5717 1679 5772 enimuero
1692 5709 1757 5782 547,

136 5803 172 5873 (1)
189 5807 277 5861 Cotticr
289 5807 485 5872 disquisitionem
499 5809 544 5917 4))34
562 5807 626 5856 libro
637 5806 669 5854 de
682 5803 801 5854 llortibus
814 5815 900 5868 perse·
953 5825 1091 5880 ,mom
1105 5815 1236 5875 wamy,
1254 5810 1383 5868 'imum
1397 5809 1491 5866 ,office
1507 5811 1675 5879 nuncupatur
1688 5803 1762 5861 cm,

108 5871 565 6000 ffinffiffleofflrffii'cnfflrf
576 5867 706 5920 numm
721 5867 828 5930 (mmmm
841 5863 902 5918 'an'
954 5917 1015 5984 lior,
1032 5916 1059 5971 in
1078 5912 1137 5969 aliis
1155 5923 1220 5965 ttcro
1234 5904 1338 5962 duobus
1358 5903 1428 5959 4005
1441 5916 1469 5960 et
1491 5901 1573 5969 4495,
1595 5914 1645 5956 occ
1665 5913 1719 5954 non
1734 5899 1764 5956 iu

90 4453 130 4513 lis
141 4458 203 4515 bert
212 4459 293 4531 lrttise
306 4467 422 4528 metere,
435 4467 459 4514 ct
473 4456 578 4513 Doooto
591 4455 754 4528 Coalescere,
772 4455 815 4510 cni
829 4468 882 4510 mttr

125 4561 247 4627 apter,
267 4566 299 4609 tre
309 4553 342 4610 de
362 4553 445 4610 trttua
455 4551 599 4624 y‘stdicilttto,
612 4565 721 4622 puerum
728 4554 807 4626 jusstt
818 4549 897 4606 ocriil

125 4648 172 4706 ille
193 4657 299 4723 propte·
316 4649 414 4705 Cirrirti
431 4647 617 4719 confusionem
640 4643 773 4718 suppliciis
788 4641 899 4712 effectus

127 4749 176 4797 444.

100 5405 128 5456 ιι,
143 5394 213 5451 sieut
224 5396 337 5462 adsolet,
355 5396 451 5465 posita,
466 5394 580 5450 Lucium
596 5395 704 5466 inquam
716 5391 845 5450 Cecllinm
858 5393 899 5465 lp-

101 5483 157 5541 slus
168 5499 261 5546 turena
279 5499 341 5545 esse
353 5493 492 5544 auctorem
505 5487 557 5558 (1).
572 5487 607 5542 st
619 5487 735 5557 quisille
747 5487 793 5554 sit,
808 5487 835 5542 in
847 5485 899 5544 du·

104 5573 176 5635 binus
190 5580 260 5638 ltnnti
280 5581 418 5638 inmerito
436 5579 528 5635 vocati
545 5585 643 5648 potest.
660 5575 766 5635 Nemini
787 5581 899 5646 etenim,

104 5673 395 5731 retemnntntori'tsrot
404 5669 900 5738 mediocriterimboto,ineumpertutn
