4017 6350
97 306 167 364 ttt-tt
557 310 636 370 cab.
655 312 689 371 ll.
710 314 842 375 suebat.
863 316 908 376 ott
927 318 1044 379 VERiT.
1065 322 1144 384 REL.
1163 325 1299 388 ctttttsr.
1692 340 1764 398 tots

94 426 171 481 libro
194 425 281 483 rerba
307 426 370 493 illa,
388 426 421 483 m
440 430 565 503 persecuti
585 438 645 484 aaut
648 470 704 488 .....
719 432 747 488 in
762 434 907 491 troarttttare
919 436 945 499 Α
959 446 1024 494 tant.
1039 439 1084 494 iib.
1105 456 1141 497 ur.
1156 458 1216 515 rap.
1231 443 1307 517 ιιι),
1330 461 1384 519 quo
1396 448 1521 507 Cirristus
1537 444 1607 508 ait'ro
1620 461 1648 508 et
1663 464 1762 525 sponte

93 534 199 589 ”witta
233 518 310 585 (Lib.
335 518 427 575 Pm'ttl.
451 538 509 594 cop.
536 536 583 577 ru.
611 522 908 597 tartareamque
961 532 1079 588 animam
1093 534 1253 607 exhalabat,
1276 540 1324 597 iux
1341 542 1536 613 solisdeiecit,
1554 553 1583 603 ei
1603 548 1695 604 onmia
1721 557 1761 605 te·

93 611 155 667 sola
186 610 226 669 ad
253 611 385 669 Lactantii
409 616 577 687 propositum
602 614 721 685 iaciunt,
743 618 834 691 legere
854 628 906 675 cst.
959 622 1053 680 nebris
1067 640 1115 696 per
1130 636 1186 683 tres
1199 626 1279 684 boras
1299 632 1461 690 circumfusa
1477 634 1594 692 luerunt.
1607 638 1761 709 atquibao

93 706 169 776 Quid
185 722 274 775 vcro,
290 707 360 777 quod
380 708 407 785 iu
423 718 537 780 utroque
556 710 603 766 iiio
618 710 687 767 libro
698 726 759 783 qum
774 712 908 769 trabatur
960 711 1059 770 citatus
1072 716 1106 773 ab
1117 716 1163 773 iiio
1178 720 1309 791 propbeta
1325 722 1367 778 bis
1379 726 1468 782 verbis
1482 729 1759 800 praesignificaverat:

94 801 183 857 rerba
200 816 257 857 non
271 800 426 859 Salomonis
439 814 512 872 suat,
527 804 573 859 sed
591 804 639 860 Dei
659 804 692 860 nd
714 804 907 863 &damonemi
958 804 993 861 iit
1007 807 1054 862 erit
1066 808 1093 862 in
1107 808 1154 863 iiio
1166 811 1221 880 die,
1239 812 1300 867 dicit
1310 812 1451 883 boarium,
1466 818 1563 874 ccedet
1579 822 1619 877 sol
1640 823 1758 893 arandis,

93 899 199 955 Nonne
223 900 315 971 itaque
328 899 472 956 dicendum
487 900 539 956 erit
553 910 597 956 aut
613 901 780 971 antiquarios
803 911 906 957 textum
958 909 981 953 et
999 900 1204 957 obumbrabitur
1226 903 1281 960 dier
1301 906 1383 973 irteir,
1406 919 1429 964 et
1448 923 1592 967 convertam
1606 914 1661 969 dies
1679 918 1759 987 sertas

93 992 429 1049 Laetautiideseribendn
441 1008 559 1061 errasse,
576 1001 622 1048 aut
635 993 906 1065 ipsummetLactan-
957 1004 1053 1050 cestros
1074 996 1100 1049 in
1121 995 1235 1064 luctam,
1251 1007 1275 1053 et
1296 1002 1396 1057 earrtiea
1415 1014 1497 1059 uestra
1511 1006 1538 1060 ia
1551 1006 1758 1064 iarrteatatioaem

94 1086 166 1139 tiam
182 1084 315 1141 memoria
328 1085 452 1157 lapsana,
467 1086 516 1141 uisi
531 1085 589 1142 lucc
604 1101 638 1141 cx
652 1085 743 1157 aliquo
762 1085 904 1142 bibliorum
957 1086 1059 1155 iborae,
1078 1104 1138 1159 cap.
1159 1101 1216 1145 rm.
1245 1090 1262 1147 9
1276 1100 1299 1145 et
1314 1093 1370 1165 lb).
1395 1094 1471 1152 lianc
1485 1100 1689 1171 praedictionem
1708 1117 1759 1158 eo-

93 1176 207 1242 codice,
221 1192 237 1233 a
253 1176 352 1233 nostris
366 1177 485 1245 diverso,
501 1179 671 1248 excerpsisse
684 1178 834 1249 probetur?
957 1178 1019 1237 dem
1035 1181 1238 1254 modoprotuiit
1250 1183 1401 1257 Cyprianus
1417 1188 1509 1262 (Cym.
1519 1192 1564 1247 tit.
1575 1205 1604 1249 rr.
1615 1195 1674 1251 ado.
1689 1196 1758 1251 iud.

133 1270 172 1326 At
196 1280 275 1329 cerie
295 1271 345 1331 etsi
368 1270 523 1327 Lactantius
546 1270 685 1344 (Certant.
711 1272 755 1327 itt.
779 1288 816 1328 rr.
833 1272 902 1327 inat.
956 1274 1046 1348 523),
1068 1278 1119 1333 nisi
1136 1278 1208 1349 quod
1224 1289 1287 1335 ante
1302 1281 1413 1350 cantica,
1429 1282 1547 1353 addidit,
1561 1288 1657 1341 ournr'a.
1671 1288 1758 1345 Paulo

94 1381 158 1438 cap.
174 1368 257 1439 xrrrr)
265 1366 388 1440 quadam
395 1365 535 1423 retulisset
545 1366 630 1422 saeris
638 1381 669 1421 ex
681 1366 772 1423 bibliis
783 1366 905 1424 testimo·
943 1376 1047 1453 *tamen
1061 1373 1142 1427 aliter
1165 1370 1304 1429 ireneus:
1322 1392 1331 1427 ι
1348 1374 1377 1430 ln
1394 1375 1439 1431 die
1454 1376 1517 1445 iila,
1533 1378 1599 1434 dicit
1611 1380 1758 1452 Darninus,

94 1462 162 1529 nia,
189 1476 253 1533 quae
274 1462 326 1534 ipsi
345 1459 549 1528 tantummodo,
566 1460 676 1517 minimo
697 1476 763 1517 vero
787 1461 848 1518 aliis
869 1462 904 1519 de
955 1462 1111 1520 occidetsol
1125 1465 1249 1535 meridie,
1261 1476 1377 1525 eterunt
1390 1470 1604 1543 tenebraesoper
1616 1483 1714 1534 terram
1728 1478 1757 1532 in

93 1552 213 1610 cbristo
233 1554 304 1611 dieta
324 1554 498 1620 riderentur;
524 1562 627 1611 certam
650 1554 829 1611 nibilominus
842 1568 903 1611 esse
954 1556 998 1613 dic
1012 1558 1080 1613 lacis
1084 1599 1140 1614 .....
1164 1567 1191 1615 et
1207 1560 1331 1616 uniuersa
1345 1561 1449 1618 cantica
1464 1570 1553 1618 restra
1576 1565 1602 1619 ia
1624 1565 1758 1623 lamenta·

93 1648 180 1704 debet
201 1648 238 1705 ab
251 1648 298 1705 ilio
312 1648 363 1703 alia
377 1648 486 1717 aiiurri,
507 1664 568 1721 quae
582 1648 616 1705 de
630 1648 738 1705 Christo
751 1664 815 1707 tero
833 1664 903 1721 pre-
955 1651 1066 1708 tionem.
1085 1652 1153 1706 lium
1168 1667 1292 1709 occasum
1308 1653 1385 1719 solis,
1401 1655 1446 1726 qai
1460 1654 1590 1711 crucibxo
1604 1673 1637 1711 eo
1661 1656 1709 1714 init
1724 1660 1759 1714 ab

93 1743 224 1799 nuntiata
236 1743 319 1800 luisse
330 1758 410 1799 nemo
424 1742 551 1801 cordatus
567 1743 648 1800 bomo
663 1745 759 1815 poterit
773 1758 901 1815 umquam
955 1742 1022 1800 bora
1038 1752 1126 1811 sexta,
1142 1744 1286 1801 marritosra
1300 1748 1547 1803 annuntiaverunt»
1561 1746 1644 1817 (iren.
1658 1748 1703 1806 lib.
1720 1766 1756 1805 rr.

94 1852 212 1909 negare.
229 1836 295 1893 Nam
313 1838 479 1910 praetoriam
493 1850 659 1904 trremorata,
675 1840 728 1895 tale
744 1840 836 1911 procui
852 1840 902 1896 du·
917 1844 940 1905 B
953 1836 1013 1891 adu.
1031 1836 1122 1891 bora.
1139 1854 1198 1909 rap.
1218 1836 1285 1911 ιιι).
1300 1836 1482 1913 Tertullianus
1496 1838 1618 1913 (Terruit.
1633 1841 1678 1897 lib.
1693 1843 1754 1897 ado.

95 1931 141 1986 bio
164 1929 233 1985 iilud
260 1941 318 1998 est,
340 1930 411 2003 qnod
430 1932 505 2001 ipse,
534 1930 698 2003 Cypriaaunt
720 1943 845 2000 secutos,
867 1948 901 1991 ex
953 1930 1018 1986 lad.
1034 1948 1092 2004 cap.
1115 1931 1270 2005 ulquoqne
1290 1932 1360 1988 itane
1380 1933 1600 1989 vaticinationem
1623 1934 1756 1993 aduersus

93 2022 240 2079 Zachariae
255 2023 326 2079 libro
344 2024 369 2078 in
391 2023 508 2079 medium
527 2023 659 2080 adduxit:
682 2042 691 2077 ι
709 2024 867 2095 zaetarius,
888 2046 898 2081 r
953 2021 1073 2089 ludaeos,
1085 2037 1164 2094 qnam
1180 2022 1524 2096 derristoaccipiendam
1537 2028 1755 2097 essenegabant‚

92 2114 199 2187 iuquit,
219 2130 229 2165 ι
247 2114 326 2169 etiarn
342 2113 400 2170 bace
424 2114 550 2171 tradidit:
568 2114 600 2169 iit
619 2116 785 2172 intuebuntur
802 2117 828 2171 ira
841 2134 898 2185 me,
952 2116 993 2172 sio
1008 2128 1095 2188 urget.
1114 2136 1124 2169 ι
1142 2116 1209 2172 Narn
1225 2115 1297 2188 quod
1313 2117 1339 2172 in
1353 2116 1482 2189 passione
1502 2118 1561 2189 ojus
1583 2120 1702 2187 accidit,
1725 2129 1756 2177 ut

93 2223 170 2279 quern
197 2205 370 2280 (Cyprianus
386 2206 520 2279 (Cyprian.
538 2206 581 2263 lib.
604 2224 633 2264 n.
649 2210 708 2263 ado.
723 2208 787 2265 irad.
804 2208 818 2283 ᾗ
834 2208 900 2281 ib),
952 2208 1042 2263 media
1057 2208 1114 2263 dics
1129 2209 1342 2271 tenebresceret,
1356 2209 1441 2265 Amos
1453 2213 1584 2281 propbeta
1599 2215 1754 2283 aaauntiat,

93 2300 120 2354 ia
134 2298 233 2373 quent)
260 2300 443 2370 transfixerant
470 2300 593 2373 (Zurbae.
615 2319 673 2376 cap.
697 2318 742 2359 ιιι.
761 2302 818 2374 ib).
834 2302 900 2373 Quis
952 2298 1065 2356 diceas:
1081 2318 1091 2351 ι
1105 2300 1140 2356 Et
1153 2298 1239 2355 eritin
1249 2299 1355 2367 dieiiia,
1370 2300 1434 2357 dicit
1446 2301 1584 2371 boninus,
1597 2304 1701 2361 occidet
1712 2306 1754 2361 sol

93 2393 242 2450 enimvero
255 2394 359 2451 iubeias
382 2396 461 2451 irerit
475 2395 532 2452 bec
553 2396 587 2453 de
599 2394 707 2453 Christo
722 2411 783 2454 esse
798 2396 898 2454 intelli·
952 2394 1041 2452 media
1053 2394 1109 2464 die,
1123 2404 1151 2451 et
1166 2394 1337 2452 tenebrescet
1347 2409 1430 2469 super
1446 2404 1544 2451 terram
1560 2394 1617 2451 dies
1630 2397 1753 2468 luminis,

93 2486 202 2557 ganda,
223 2497 365 2557 postquam
390 2487 507 2544 loannes
531 2488 700 2561 Evangelista
722 2490 899 2549 disertissime
950 2498 978 2547 et
991 2498 1147 2546 convertam
1169 2489 1229 2547 dies
1241 2498 1347 2546 vestros
1365 2489 1392 2544 in
1410 2492 1528 2557 tactura,
1543 2501 1570 2546 et
1584 2491 1675 2546 arania
1688 2507 1754 2547 can-

93 2578 245 2636 aibrmarit
273 2580 389 2655 (toorra.
415 2599 472 2656 cap.
504 2598 569 2639 xrrr.
597 2582 670 2656 st),
695 2582 803 2641 Christo
837 2600 898 2641 nao-
950 2581 1108 2637 tieavestra
1132 2581 1159 2636 ira
1180 2580 1635 2650 tamentationemrouamobrenr
1658 2584 1753 2640 aiioin

93 2674 195 2742 riente,
211 2673 349 2745 impletam
363 2690 423 2731 esse
436 2675 615 2747 Scriptorum,
630 2692 690 2748 qaae
702 2676 809 2733 dixerat
825 2676 899 2733 :·i¹i-
950 2674 1021 2731 libro
1035 2675 1163 2746 scripsit:
1176 2692 1186 2727 ι
1201 2676 1353 2746 Deliquium
1365 2676 1459 2746 utique
1473 2682 1647 2747 putaverunt,
1664 2675 1710 2747 qui
1726 2676 1753 2732 id

93 2768 190 2823 debant
214 2769 243 2821 in
266 2784 340 2839 quem
367 2770 568 2839 ιιιιιιιῇιιιιιιιιι.9
591 2770 680 2826 bisini
705 2778 794 2828 autera
818 2771 899 2842 buius
950 2784 1059 2839 quoque
1081 2766 1284 2841 supeerristo
1298 2767 1472 2840 predicatum
1488 2768 1702 2824 norrscirerunt.
1717 2768 1754 2826 Et

92 2863 240 2932 scriptoris
254 2862 437 2918 testimoninm
453 2870 531 2918 tantas
542 2869 584 2920 est
595 2864 774 2933 auctoritatis,
790 2872 818 2921 ιι
831 2866 898 2921 otios
950 2868 1040 2915 amen
1056 2875 1117 2915 eom
1130 2859 1224 2915 mundi
1234 2874 1326 2915 casum
1340 2859 1455 2916 rotatum
1471 2858 1498 2915 tn
1519 2859 1638 2916 archivis
1651 2864 1752 2919 rostris

92 2964 229 3027 praeterea
237 2954 321 3012 citare
329 2970 558 3028 supervacaneum
568 2956 896 3028 videatur.Siquistamen
950 2952 1080 3009 babetisr
1106 2952 1193 3027 (idem
1212 2954 1322 3026 dpoioq.
1341 2970 1399 3026 cap.
1421 2951 1625 3026 sublimique
1648 2955 1751 3026 exiam

94 3047 293 3123 Hieronymum
309 3048 431 3122 (Hieron.
447 3052 525 3107 iacit,
541 3050 624 3111 Zacb.
640 3050 703 3125 iac.)
720 3052 807 3109 :tribue
822 3052 897 3110 adira
949 3047 1032 3101 citato
1046 3046 1138 3101 brnosi
1151 3047 1262 3101 oraculo
1277 3037 1370 3102 contra
1385 3044 1560 3110 Marcionem,
1573 3046 1752 3116 quemadmo-

92 3141 225 3211 robrerit,
243 3140 423 3200 bunelaboris
437 3140 615 3217 proculdubio
631 3160 683 3200 non
701 3142 852 3214 paenitebit.
948 3140 1013 3197 durn
1027 3140 1157 3197 adsersus
1169 3140 1278 3198 todaos
1292 3139 1411 3214 disputat
1424 3138 1566 3212 (iderabit.
1582 3152 1665 3197 contr.
1677 3140 1752 3223 ilar·

128 3235 187 3292 Non
204 3235 303 3293 minori
315 3235 436 3309 proiecto
449 3237 583 3296 evidentia
597 3239 662 3296 iliud
677 3239 829 3295 declaratur
842 3237 895 3305 bis,
911 3246 934 3310 ρ
948 3237 1018 3294 ιιοιι.
1035 3236 1057 3308 ).
1080 3235 1260 3310 Hieronymus
1288 3252 1355 3293 rero
1378 3234 1506 3311 (Hieran.
1535 3235 1570 3290 la
1595 3237 1646 3292 iae.
1669 3241 1749 3293 daras

92 3343 152 3398 quse
178 3329 336 3387 Lactantius
358 3340 421 3403 post
442 3331 500 3386 luae
523 3331 613 3388 retulit
637 3331 775 3404 (Lactant.
790 3329 895 3402 ibici),
947 3331 1007 3402 eit.)
1021 3328 1086 3384 iliud
1100 3329 1221 3401 explicat
1244 3339 1299 3385 tum
1316 3327 1516 3385 detooaeorma
1539 3328 1609 3398 apud
1624 3327 1749 3400 Assyrios

92 3421 246 3480 Psalnristae
270 3424 371 3480 verbis.
394 3423 549 3494 Eboda-rant
569 3441 660 3479 aranas
679 3440 749 3478 neem
773 3433 796 3478 et
819 3423 896 3496 pedes
947 3421 1130 3480 ethaidteos
1142 3421 1378 3494 captivitatc,tum
1392 3418 1544 3477 derristo
1559 3419 1750 3477 Domiuauru-

92 3533 171 3586 meos,
187 3518 412 3574 dinumeraberunt
425 3520 510 3573 omnia
525 3535 582 3574 orsa
595 3535 651 3574 ntea
662 3517 730 3592 :ipsi
741 3525 824 3572 autem
835 3533 896 3572 coa·
946 3519 971 3574 ei
985 3515 1076 3572 aibxo.
1101 3514 1155 3573 Sed
1171 3515 1236 3585 quid
1250 3516 1366 3572 mirum?
1380 3530 1441 3570 curn
1454 3513 1510 3586 jam
1525 3529 1540 3568 a
1554 3514 1634 3570 nobis
1654 3514 1750 3572 obser-

93 3611 209 3684 templati
223 3623 293 3681 runt,
309 3621 333 3668 et
346 3613 462 3668 uideant
476 3629 523 3678 nac,
537 3611 676 3668 diuiserunt
690 3612 737 3667 sibi
747 3613 895 3667 uestimenta
946 3619 1038 3667 ratum
1053 3611 1089 3666 sit
1104 3611 1195 3682 piures
1206 3624 1267 3666 csse
1281 3609 1404 3679 ejusdem
1418 3608 1488 3666 sacri
1503 3617 1592 3664 textus
1605 3609 1693 3666 nostri
1709 3609 1748 3666 si-

93 3722 159 3774 nuo,
174 3717 198 3763 et
213 3723 292 3778 super
304 3716 397 3762 uestem
406 3723 487 3762 racana
499 3717 591 3762 sortem
601 3707 723 3762 noluerant
738 3705 823 3782 (Psai.
836 3723 892 3764 ιιι.
946 3707 1088 3780 guilicatus
1101 3716 1129 3763 et
1142 3705 1388 3776 interpretationes,
1404 3719 1471 3776 quas
1484 3718 1581 3762 omnes
1592 3718 1672 3762 veras
1685 3719 1748 3761 esse

93 3797 126 3852 i8
143 3806 167 3852 et
190 3797 247 3872 19).
262 3797 299 3854 lta
319 3798 400 3854 etiarm
420 3797 570 3872 Cyprianus
587 3797 722 3872 (Cyprias.
734 3798 778 3853 lib.
791 3814 820 3854 ιι.
831 3797 891 3856 auo.
946 3803 1036 3860 nuilus
1047 3817 1145 3874 negare
1160 3801 1258 3858 merito
1271 3816 1399 3872 umquam
1420 3799 1530 3872 poterit.

92 3887 156 3944 iad.
171 3889 185 3962 ᾖ
200 3890 249 3964 20)
270 3889 421 3963 eodemque
441 3893 519 3965 plane
545 3907 625 3949 sensu
639 3893 721 3948 rcrlra
745 3891 790 3947 iila
806 3892 893 3949 iater-
982 3896 1072 3968 Neque
1082 3909 1147 3951 rero
1159 3896 1244 3950 saeris
1257 3894 1362 3950 ratibus
1374 3894 1474 3949 nostris
1485 3894 1551 3948 satis
1563 3900 1620 3949 crat
1630 3900 1747 3948 rnortem

92 3991 226 4052 pretatur.
241 3984 323 4054 Atqui
338 3983 565 4057 Psalmograpbns
581 3985 655 4052 bec,
669 3984 709 4040 uti
723 3986 761 4039 ait
775 3984 893 4040 Lactan-
944 3987 1056 4053 Christi,
1068 3996 1163 4058 etqutc
1173 3995 1229 4043 tum
1243 3986 1406 4054 acciderant,
1416 3985 1542 4042 omnibus
1553 3986 1745 4058 yrraenuntiare,

93 4075 161 4144 tius,
180 4092 235 4133 non
250 4077 285 4133 dc
306 4093 354 4144 se,
370 4077 415 4150 qui
429 4076 496 4133 nibil
511 4079 599 4134 simile
611 4093 756 4150 perpessus
770 4086 829 4145 est,
844 4079 892 4134 sed
945 4082 996 4137 nisi
1019 4082 1090 4136 iilius
1110 4082 1192 4137 etiam
1205 4081 1408 4145 rerurrectionis,
1422 4079 1480 4135 sinc
1494 4095 1557 4151 qna,
1574 4081 1612 4136 uti
1627 4081 1748 4153 aitdpo·

92 4167 182 4225 diviua
204 4170 299 4242 spiritu
324 4169 450 4238 uibratus,
480 4171 514 4226 de
532 4170 641 4227 Christo
665 4171 890 4244 praeloquebatur.
945 4173 1031 4231 stolus
1055 4173 1147 4246 (Paul.
1163 4189 1192 4242 ι,
1218 4173 1346 4240 Curiatii„
1370 4189 1429 4242 cap.
1451 4188 1496 4228 xv.
1518 4171 1576 4246 ii),
1591 4188 1659 4229 rana
1675 4185 1749 4232 esset

91 4259 177 4319 Sirruili
189 4279 297 4336 quoque
308 4263 615 4321 modo'i'crtullianuszt
632 4263 771 4336 Scriptura
783 4265 809 4321 in
821 4265 892 4337 psai·
944 4265 1012 4323 bdes
1031 4272 1138 4331 nostra,
1162 4265 1318 4336 mysterium
1340 4264 1541 4336 praedixissent.
1557 4268 1591 4321 tt
1606 4267 1671 4322 iliud
1686 4268 1745 4323 eui·

93 4358 142 4411 nris
158 4357 225 4415 dicit
240 4375 246 4411 :
265 4358 516 4414 Extenuinarerunt
538 4357 624 4431 (prins
636 4359 797 4429 scripserat,
815 4357 892 4414 iode-
943 4357 1039 4412 denter
1050 4356 1085 4413 ab
1099 4357 1139 4413 eis
1153 4357 1359 4428 praenotatorum
1382 4355 1465 4412 tuisse
1480 4357 1576 4428 probat
1590 4358 1747 4416 Lactantius

92 4451 166 4522 runt)
188 4465 284 4507 manus
302 4467 376 4508 aruns
390 4461 417 4507 ct
433 4451 531 4523 pedes,
547 4451 785 4506 dinumeraverunt
799 4450 890 4522 omnia
944 4447 1075 4526 (ductant.
1091 4448 1135 4505 tit.
1148 4464 1184 4517 rr,
1196 4466 1253 4522 cap.
1267 4447 1326 4521 xm)
1339 4448 1381 4506 bis
1396 4447 1549 4507 Psalmistae
1562 4451 1652 4508 verbis
1662 4470 1670 4507 ε
1681 4451 1746 4508 Non

92 4557 152 4599 ossa
165 4561 235 4602 ntea.
250 4544 303 4618 Ipsi
315 4553 403 4601 atatem
418 4545 607 4616 contemplati,
623 4555 651 4600 et
662 4543 786 4601 uiderunt
797 4558 888 4602 me...
942 4544 1102 4616 derelinques
1125 4544 1239 4599 animem
1262 4560 1346 4599 meam
1369 4544 1439 4616 opud
1462 4545 1578 4618 inferat,
1598 4563 1644 4602 nec
1671 4545 1745 4602 dabis

93 4637 155 4693 ilaec
167 4638 249 4695 barid
264 4653 359 4710 passus
369 4654 422 4694 non
434 4647 487 4705 est,
496 4647 526 4693 ut
539 4638 573 4694 de
583 4651 612 4693 se
625 4638 721 4694 merito
731 4637 833 4695 dixisse
847 4639 888 4693 ri·
901 4644 929 4707 1)
940 4648 1058 4695 sanetum
1069 4647 1141 4694 taum
1153 4638 1240 4694 uidere
1249 4639 1383 4694 interitum
1403 4637 1522 4713 (Psairn.
1536 4655 1582 4708 ιι,
1597 4638 1650 4711 id).
1666 4637 1745 4694 Prius

92 4727 201 4798 deatar;
217 4729 692 4803 sedCbristusquieruaibxusestr
709 4729 888 4804 tractatum.
941 4747 1008 4789 tero
1035 4730 1130 4790 eadem
1157 4729 1309 4805 Cyprianus
1342 4728 1441 4805 (Cypr.
1472 4730 1518 4787 lib.
1546 4746 1565 4787 ιι
1594 4730 1654 4786 atla.
1677 4730 1743 4788 iad.

92 4825 149 4878 adr.
166 4825 229 4882 iad.
247 4843 304 4900 cap.
317 4843 333 4882 x
347 4836 370 4882 et
380 4825 449 4901 xtra).
462 4825 532 4896 Quin
546 4827 627 4882 etiam
641 4825 686 4882 iile
700 4826 803 4883 diserte
815 4840 890 4883 asse-
943 4825 1019 4903 §iil
1041 4828 1148 4900 scriptis
1164 4826 1327 4893 tradiderat,
1348 4837 1446 4899 praeter
1465 4827 1588 4882 ultimum
1611 4825 1742 4895 verbum,

93 4917 126 4971 rit
149 4927 204 4975 tota
219 4919 265 4976 ilio
280 4922 385 4993 integro
409 4920 512 4992 psabna
532 4919 648 4978 laturam
671 4917 771 4978 Christi
786 4921 890 4992 passio·
941 4936 991 4995 pro
1013 4938 1067 4995 quo
1091 4922 1182 4994 posuit
1202 4923 1403 4994 corruptionem.
1426 4921 1494 4978 Tam
1519 4922 1592 4978 clara
1611 4930 1701 4978 autem
1714 4933 1743 4978 et

94 5025 153 5067 uem
166 5012 313 5070 decantari.
331 5013 364 5070 Et
376 5021 450 5070 certe
463 5015 531 5070 aiios
542 5013 612 5072 benc
625 5013 726 5070 multus
738 5021 768 5068 ut
778 5021 889 5083 praeter·
941 5021 1034 5086 aperta
1042 5020 1085 5069 est
1096 5029 1128 5070 ea
1139 5013 1288 5086 praedictio,
1299 5021 1329 5068 ut
1340 5013 1436 5070 Petrus
1447 5012 1592 5083 Apostolus
1613 5014 1640 5070 in
1655 5013 1742 5085 primo

94 5119 202 5176 cantus,
226 5106 348 5164 lustinus
382 5115 484 5181 martyr
506 5107 594 5182 (lust.
621 5105 702 5164 Mart.
733 5105 806 5161 Diui.
829 5121 888 5162 cunt
941 5121 991 5163 suo
1013 5106 1046 5161 ad
1069 5105 1177 5162 tadeos
1205 5120 1331 5164 sermono
1353 5104 1422 5182 (Act.
1443 5106 1628 5176 dpoit.‚cay.
1650 5121 1688 5175 ιι,
1705 5106 1742 5163 25

93 5199 220 5278 impia),
238 5213 266 5262 et
283 5205 415 5262 Eusebius
429 5203 536 5274 (Casei.
552 5201 725 5259 Demonstrat.
749 5201 888 5276 anaqel.)
940 5208 965 5256 et
979 5197 1061 5272 seqq.)
1082 5197 1221 5256 euidenter
1242 5198 1410 5255 demonstret
1431 5197 1505 5253 illam
1520 5213 1576 5255 non
1589 5198 1616 5254 in
1631 5199 1741 5270 baside,

92 5292 165 5352 ilium
181 5306 277 5366 tottam,
292 5307 319 5355 et
333 5296 453 5369 singulos
474 5295 547 5353 iliius
560 5312 656 5353 uersos
671 5295 704 5354 de
724 5295 822 5354 iisdem
836 5311 887 5355 ex·
941 5295 985 5368 qui
997 5293 1069 5366 apud
1080 5307 1127 5350 cos
1138 5301 1260 5351 mortuus
1270 5293 1427 5364 etsepultus
1440 5291 1535 5357 iuerat,
1550 5292 1597 5349 scd
1611 5291 1638 5347 in
1648 5291 1742 5353 Claris-

92 5389 182 5444 tremis
197 5387 294 5446 Christi
312 5389 453 5447 tormentis
465 5396 493 5444 et
504 5396 591 5446 morte
604 5396 752 5461 exponunt.
765 5389 888 5464 Evange·
940 5397 978 5458 to,
993 5401 1009 5442 a
1022 5385 1134 5442 mortuis
1146 5383 1180 5441 ad
1189 5386 1271 5441 ritant
1285 5389 1423 5453 revocato,
1434 5382 1555 5456 perfecte
1567 5384 1740 5455 completam.

94 5474 160 5535 lisia
174 5495 238 5537 rero
250 5479 391 5537 ilattbaens
412 5478 531 5550 (barat.
547 5495 631 5536 xxrrr.
646 5480 702 5552 bii)
723 5487 751 5536 et
769 5479 887 5540 loannes
941 5481 1013 5553 Quin
1026 5483 1108 5539 etiam
1129 5479 1229 5538 Paulus
1243 5479 1271 5535 in
1286 5492 1334 5535 sua
1357 5491 1464 5549 quoque
1486 5477 1521 5535 ad
1542 5491 1591 5534 cos
1612 5479 1744 5536 concione

95 5565 180 5641 (ioan.
204 5588 259 5628 xta.
281 5571 329 5645 24)
349 5573 448 5629 docent
469 5582 533 5627 tnnc
551 5571 692 5640 evenisse,
708 5573 779 5644 quod
800 5574 827 5629 in
841 5587 888 5631 eo-
936 5575 1025 5658 libid.
1043 5590 1102 5648 cap.
1125 5589 1202 5644 unu,
1215 5572 1251 5629 35
1268 5580 1292 5627 et
1311 5569 1393 5645 seqq.)
1415 5570 1488 5628 idem
1512 5571 1593 5644 plane
1611 5572 1742 5629 ostendit.

95 5660 154 5718 dern
170 5665 273 5735 psalma
295 5664 329 5720 de
349 5663 516 5721 vestimentis
530 5663 606 5737 ejas,
624 5672 698 5720 sorte
718 5661 885 5735 dividendis,
938 5669 1032 5740 itaque
1051 5664 1256 5724 bocoraeulum
1279 5671 1415 5719 tantorum
1436 5663 1629 5735 Apostolorum
1644 5673 1742 5720 auaro.

93 5755 297 5822 praenuntiatam
311 5751 408 5812 irrorat.
938 5751 1018 5818 ritae
1037 5753 1335 5825 brmatutn,aiiaram‚
1358 5765 1389 5812 ut
1413 5753 1493 5814 tacita
1506 5763 1563 5824 est,
1586 5752 1744 5814 testimonib

129 5838 229 5904 aaron
244 5849 334 5904 aaron
351 5843 409 5920 mr
424 5845 562 5918 trorum
577 5835 884 5918 atrtrarratarreaa
937 5849 1117 5912 uorans-om
1140 5854 1194 5910 ιιι
1218 5849 1329 5922 ιιιιιιι
1352 5851 1442 5920 orror.
1466 5833 1742 5923 coenitabant
