4017 6350
291 339 350 404 dle

609 453 723 514 CAPUT
742 453 784 512 llt.

339 595 401 652 Post
416 595 492 650 lianc.
509 593 641 650 Neronem
654 608 761 664 nempe.
776 590 854 650 Unde
868 589 994 658 rotunde,
1012 591 1098 661 majo·

300 668 390 739 risque
410 666 606 737 perspicuitatis
619 667 716 737 gratia,
741 664 854 735 htiglira
872 663 1016 720 reverend.
1037 666 1096 734 epi·

299 741 371 809 scopi
386 739 470 796 Saris.
487 737 669 808 tersiodher
682 737 763 804 licto,
778 736 811 792 ad
823 736 945 799 verbum,
959 734 1023 790 Post
1039 735 1096 792 Ne·

299 826 404 868 retient.

333 881 480 955 Interiectis
497 881 593 950 aliquot
617 881 702 935 annis.
724 879 782 936 ileo
796 887 854 944 est,
868 877 1010 934 tredecim.
1025 881 1095 935 duni

298 955 369 1010 enini
379 952 489 1008 lotidem
499 951 607 1022 integri,
616 955 680 1022 quin
692 965 718 1007 ct
728 968 789 1007 cntn
803 953 888 1005 tribus
899 952 1009 1018 ittsttper
1021 966 1096 1008 men-

297 1025 370 1082 sibus
383 1023 544 1092 diebusque,
560 1041 576 1079 a
594 1023 699 1080 decima
716 1023 760 1078 die
771 1023 842 1080 iunii
856 1062 863 1084 ,
878 1038 929 1092 qtta
944 1021 1014 1076 Nero
1025 1038 1096 1079 antio

297 1112 359 1152 nnat
373 1093 485 1159 Christi,
500 1096 617 1164 vulgat-is
634 1095 905 1166 sexagesiniooctavo
924 1093 1022 1148 misere
1034 1111 1095 1165 pcr-

297 1167 338 1233 iit,
356 1181 440 1238 nsque
466 1165 499 1220 ati
523 1165 593 1220 diem
616 1167 748 1222 decimam
772 1175 893 1236 qitartam
912 1167 1094 1233 septembris,

296 1254 348 1310 qua
363 1240 442 1304 aiter,
456 1238 491 1294 de
505 1252 558 1307 auo
572 1253 645 1304 mox,
660 1247 788 1309 tyrannus
803 1233 983 1292 annoCbtisti
997 1236 1096 1310 Diony-

297 1312 374 1366 siano
388 1309 556 1381 octogesimo
577 1310 665 1381 primo
686 1323 798 1380 regnare
818 1323 930 1364 exorsos
945 1317 1006 1375 est,
1027 1309 1095 1379 lapsi

295 1392 369 1438 liulll.

332 1454 404 1508 ditet·
417 1469 468 1508 tion
481 1452 564 1507 minor
583 1462 716 1524 tyrannas.
735 1450 874 1508 Domitien.
891 1451 994 1508 Gallica
1019 1452 1093 1508 Han-

297 1527 395 1580 eroitii
411 1525 531 1590 tralatio,
549 1527 574 1578 in
590 1527 721 1595 margine.
735 1554 771 1565 -
784 1522 898 1578 Atiotlier
917 1523 1025 1595 ipsunt,
1041 1522 1096 1578 Do·

298 1597 398 1660 ntition,
415 1607 459 1650 not
472 1598 546 1651 atach
560 1596 668 1664 inferior
682 1605 708 1652 lo
718 1597 780 1650 itini.
798 1597 909 1668 Angiica
925 1611 1020 1652 recens
1035 1598 1093 1650 lau·

296 1667 369 1734 data,
386 1668 526 1723 Dotnitiani
545 1670 665 1734 tientine,
680 1669 867 1723 cotnnietitirii
892 1668 968 1734 vice,
992 1667 1095 1723 inserto

296 1741 414 1794 auctoris
430 1740 528 1796 verbis.
542 1739 716 1807 dentitiones,
731 1741 831 1796 ceiunnt
845 1740 909 1794 dicit
921 1756 994 1810 quent
1012 1739 1095 1794 lionto

989 331 1091 392 nabot
1110 332 1238 393 osnont
1877 337 1914 399 iti

1108 455 1134 516 Λ
1148 470 1231 508 troitus
1242 455 1355 525 regnarit
1368 453 1539 526 Donatiatttts,
1551 457 1603 514 Titi
1612 460 1693 532 frate·
1699 456 1801 583 genior.
1815 472 1870 512 Μ.
1882 460 1916 526 ii,

1148 541 1228 580 tuens.
1243 529 1270 580 5.
1285 526 1338 582 Sed
1358 529 1473 596 mironi,
1495 531 1521 584 ni
1536 531 1598 585 olim
1625 532 1698 584 Ense
1716 529 1758 582 ius
1779 543 1828 597 pro
1846 529 1915 597 ι’τιιι,

1147 607 1230 671 μῆνας
1243 617 1265 658 t.
1282 599 1422 666 scripserit
1433 599 1478 661 τ”τιι
1493 624 1524 666 tr,
1539 605 1637 680 η’μίμας
1649 623 1672 658 t.
1687 616 1770 655 aornos
1787 603 1916 667 quiam,

1147 672 1202 724 dict
1215 672 1336 740 potitoque.
1350 669 1505 741 xiphttioos
1518 679 1590 729 enini
1604 691 1620 728 e
1635 674 1720 728 Dione
1734 674 1761 726 in
1779 671 1917 739 Domitiam,

1147 740 1323 818 Ἐμονάμχησι
1335 741 1363 798 di
1373 743 1541 817 (Δομιτιτνός)
1550 745 1596 806 ἔτη
1605 748 1680 801 πέντι
1692 748 1735 799 sati
1743 742 1817 807 ditia,
1827 747 1917 814 enaiim*

1147 833 1197 888 pac
1210 817 1295 879 τίντι,
1309 816 1440 886 imperauit
1452 833 1535 871 aitnot
1547 818 1703 886 pertinerint,
1717 826 1741 868 el
1753 817 1809 868 dier
1819 816 1916 884 pabore

1149 893 1187 938 he
1202 895 1342 950 ttraterea.
1358 887 1392 940 alt
1403 887 1491 942 idibus
1508 887 1648 954 Septemb.
1674 888 1738 941 antii
1759 902 1823 941 m
1840 884 1919 942 chosi

1149 956 1316 1028 Dionysiana
1339 957 1372 1013 8l
1394 959 1491 1027 quihus
1513 958 1610 1026 Titne,
1635 959 1781 1014 Domitiani
1803 957 1920 1023 decessor,

1148 1026 1238 1083 sinere
1248 1041 1275 1084 ct
1290 1030 1422 1096 imperare
1436 1031 1526 1094 desiit,
1554 1048 1639 1102 usgue
1656 1031 1689 1084 ad
1713 1028 1748 1084 tt
1763 1028 1868 1084 kalend.
1882 1027 1920 1084 θι-

1148 1102 1206 1153 toh.
1221 1101 1283 1154 anni
1298 1099 1419 1170 ejttsdem
1435 1117 1497 1156 aare
1510 1101 1555 1167 tto,
1570 1103 1669 1174 quihus
1683 1103 1920 1157 hirmtttaoostttaa

1146 1180 1175 1226 et
1185 1172 1326 1242 imperinm
1337 1187 1398 1227 etim
1414 1182 1501 1228 morte
1511 1174 1697 1240 commutavit,
1712 1174 1825 1241 potandi
1838 1183 1920 1226 ιιιιιιι

1147 1246 1258 1298 veniunt
1271 1243 1335 1297 anni
1351 1243 1385 1297 15
1397 1256 1424 1298 et
1437 1244 1497 1299 dies
1510 1244 1545 1307 5.
1568 1246 1626 1301 sire
1642 1246 1677 1300 ad
1693 1259 1848 1306 summum,
1866 1245 1921 1314 qaod

1147 1313 1258 1369 Petatio
1273 1316 1405 1384 placebat,
1420 1315 1483 1370 atini
1505 1318 1539 1372 15
1551 1317 1610 1372 dics
1626 1317 1653 1372 6.
1673 1316 1749 1384 luto,
1769 1316 1921 1370 oomitiott

1146 1403 1228 1440 onitas
1240 1386 1383 1455 quindecim
1393 1389 1532 1459 imperasse
1546 1388 1671 1458 Epilome
1689 1387 1796 1442 Aurelii
1808 1387 1921 1452 Victoris,

1146 1474 1214 1512 anno
1228 1458 1327 1530 intpcrii
1348 1459 1445 1512 decimo
1454 1461 1542 1526 quinto
1556 1461 1669 1514 occisntn
1685 1461 1765 1530 (aisse
1777 1457 1921 1523 Suetonins,

1146 1529 1327 1586 πεντεκαίδεκα
1339 1529 1422 1586 ἔτεσιν
1431 1532 1611 1606 ἐπικρατῆσαι,
1622 1536 1681 1600 ipse
1690 1545 1802 1599 qunqtae
1810 1529 1922 1584 Eusebius

1146 1603 1262 1671 tpiodatn
1290 1604 1361 1668 ioco,
1388 1605 1447 1657 sine
1469 1606 1522 1658 nlla
1546 1605 1679 1658 niensium
1705 1603 1866 1667 dierumre,
1887 1603 1922 1672 qni

1147 1676 1317 1730 excurrerint
1332 1675 1479 1738 meritisne,
1493 1675 1595 1746 scripta
1615 1676 1799 1743 reliquerunt.
1816 1673 1866 1727 Sed
1882 1690 1921 1728 nu

1147 1760 1250 1800 mernm
1279 1744 1467 1816 proculdubio
1495 1746 1686 1801 rotundahant.
1701 1743 1806 1800 Conlcr
1830 1744 1922 1799 hotta

296 1808 582 1867 Neronemllditiones
593 1812 679 1868 Oxou.
690 1811 802 1868 etCaut.
814 1811 1092 1882 exsohJ‘ectis,eredo‚
1149 1815 1292 1873 Ettsehiani
1311 1819 1437 1873 clironici
1458 1818 1616 1881 editionem,
1639 1820 1665 1870 itt
1679 1832 1732 1886 qaia
1746 1817 1783 1870 ad
1798 1831 1843 1871 ati.
1861 1816 1921 1871 lion.

295 1881 406 1938 Ausonii
421 1883 559 1940 versibus:

417 1997 449 2048 Et
460 1996 530 2050 Titus
538 1999 636 2064 imperii
647 1997 706 2050 lelix
715 2001 850 2051 breuitate.
861 1999 968 2051 Secutus

419 2059 518 2125 Frater,
532 2075 605 2125 quem
617 2061 715 2114 Calvum
725 2062 788 2115 dixit
798 2078 841 2114 sua
849 2062 925 2112 Roma
934 2063 1070 2116 Neronem.

330 2169 433 2226 Faverit
445 2169 569 2226 omnihus
592 2170 702 2226 historia
724 2171 905 2228 ecclesiastica
920 2180 948 2228 ct
966 2170 1090 2242 prolana,

293 2239 464 2310 qttippecutn
480 2257 495 2295 e
512 2241 639 2310 proximis
654 2242 766 2298 Neronis
782 2252 841 2314 pust
868 2242 991 2310 Galbam,
1007 2244 1091 2299 0tho-

294 2325 355 2365 nem
383 2321 410 2366 et
430 2311 564 2367 ilitcliiuni
587 2315 799 2378 successorihus,
822 2324 884 2384 puta
912 2313 1089 2384 Vespasiano,

294 2380 366 2446 Tito,
382 2382 541 2448 domitiano,
555 2383 653 2450 Nersa,
679 2385 767 2441 tinlhis
785 2386 821 2440 sit
840 2394 937 2455 praeter
960 2387 1090 2442 llomitia-

293 2467 369 2517 nuni,
382 2454 424 2509 cui
441 2471 499 2522 ntiae
512 2456 563 2510 hoc
576 2457 664 2524 capite
677 2458 1090 2524 tiarrantur,conretiiant.Con-

293 2523 333 2580 ler
345 2524 493 2589 Balnzium,
507 2528 559 2582 col.
568 2527 631 2595 sot,
643 2539 669 2582 et
678 2524 945 2596 Columh.,col.595,
953 2529 1089 2601 precipue

296 2610 361 2651 tero
376 2595 482 2652 Enseitii
496 2611 576 2668 caput
589 2615 604 2653 a
619 2600 727 2656 Baiuaio
743 2601 899 2658 indicatam.

328 2665 474 2740 Tyrannus.
489 2670 668 2727 Domitianum
681 2674 776 2728 eodem
788 2673 877 2740 elogio
888 2673 1013 2730 Aurelios
1025 2673 1088 2732 Vic-

291 2747 333 2793 tor
344 2739 528 2796 siciohnnavit
543 2760 549 2796 :
565 2743 649 2812 lgitut·
663 2755 730 2798 metit
745 2743 903 2800 crudelitatis
914 2745 1085 2815 (humiliani)

291 2819 314 2863 et
328 2813 490 2867 conscientie
502 2829 555 2868 sate
566 2817 732 2878 conittraoere
742 2816 890 2887 plotone...
899 2817 999 2872 adscito
1009 2820 1087 2873 etiont

290 2880 465 2938 inconciliata
481 2894 489 2936 t
508 2887 582 2940 rentii
597 2887 804 2944 naorebotniti‘a.

327 2951 406 3009 Ortus
418 2965 465 3010 est.
481 2903 534 3012 giso
546 2959 672 3029 irrepet-ore
683 2961 766 3030 cepit,
782 2960 867 3016 nostri
882 2961 986 3016 seilicet
999 2963 1086 3030 scrip-

289 3026 356 3080 toris
371 3026 533 3084 locutionem
546 3029 579 3084 dc
594 3033 674 3085 natali
690 3032 734 3087 die
745 3031 905 3088 [iotititianei
919 3033 1025 3104 imperii
1039 3050 1085 3090 ac·

288 3096 423 3166 cipiendo,
438 3113 489 3155 non
508 3101 543 3156 de
564 3104 702 3157 nativitate
726 3105 867 3159 lininitiani
885 3104 1082 3174 prepriedicta.

287 3167 375 3240 ,dique
390 3173 426 3227 ila
441 3171 511 3227 lacto
525 3189 592 3243 opus
605 3190 676 3240 esse,
691 3190 725 3231 cx
753 3192 786 3231 eo
807 3177 946 3248 insigniter
959 3190 1082 3247 apparet,

1109 1861 1134 1920 B
1146 1891 1180 1945 91
1194 1894 1314 1948 cernitur
1327 1889 1448 1944 decimus
1462 1898 1554 1945 sextos
1571 1889 1742 1944 [loniitianie
1760 1888 1871 1958 regione
1886 1903 1922 1942 ao

1146 1972 1233 2028 tatas;
1246 1961 1318 2034 qitod
1333 1962 1356 2016 is
1368 1975 1464 2030 nempe
1477 1961 1596 2026 iniverit,
1608 1960 1658 2016 etsi
1677 1961 1846 2030 permodice.
1860 1959 1922 2013 Atti

1144 2035 1187 2090 sel
1203 2035 1267 2089 hinc
1288 2033 1394 2088 numeri
1417 2035 1632 2088 rotundationem
1653 2033 1680 2086 in
1695 2030 1802 2085 Aurelii
1823 2031 1922 2085 lictoris

1144 2105 1213 2170 loco,
1229 2105 1263 2161 de
1277 2121 1331 2177 qno
1354 2105 1454 2174 agitur,
1471 2115 1580 2173 patere,
1596 2105 1668 2173 qnod
1692 2117 1742 2170 pro
1754 2102 1865 2158 disertis
1878 2104 1922 2157 istis

1142 2176 1214 2232 iilius
1224 2179 1324 2244 verbis,
1340 2176 1535 2232 iloniitiamts...
1547 2175 1679 2248 inipercait
1688 2191 1773 2230 antaee
1782 2174 1921 2244 οιίιιιίοιίιι,

1142 2259 1216 2304 extet
1229 2250 1292 2304 alibi
1307 2248 1377 2319 apnd
1398 2247 1523 2303 eumdem
1547 2249 1573 2302 iti
1595 2246 1689 2302 libello
1702 2246 1738 2301 de
1756 2244 1921 2301 Cesaribus:

1141 2319 1236 2376 Poenat
1249 2323 1331 2377 init...
1345 2336 1447 2375 anno...
1469 2319 1650 2374 dattiinntionis
1670 2319 1771 2371 circiter
1792 2317 1923 2387 οιιιιιιοίο

1140 2393 1207 2447 eiam
1221 2392 1291 2463 nitod
1308 2408 1361 2447 noti
1386 2391 1544 2460 simpliciter
1566 2406 1615 2457 pro
1638 2391 1708 2462 pitis,
1729 2390 1830 2448 mititte.
1852 2390 1923 2457 οιιιίιιι

1140 2463 1248 2532 decimo
1265 2463 1407 2518 commode
1420 2463 1504 2532 accipi
1523 2472 1630 2532 potest,
1645 2462 1695 2516 sed
1709 2461 1850 2534 proprisio
1862 2463 1922 2533 pite

1139 2550 1216 2605 οοωιι
1233 2538 1321 2606 quinto
1336 2538 1444 2603 declino,
1467 2537 1503 2592 ol)
1524 2533 1655 2605 lliphilini
1669 2533 1761 2588 locum
1785 2531 1867 2588 modo
1883 2532 1923 2586 ed·

1139 2609 1259 2664 ductum.

1175 2680 1305 2736 doneciai
1324 2683 1362 2736 iot
1375 2696 1465 2735 titanas
1475 2679 1597 2734 adverset
1611 2676 1751 2732 dominata
1761 2678 1884 2733 tettdmb
1893 2676 1922 2732 lie

1138 2767 1220 2818 anno,
1236 2768 1290 2824 quo
1306 2701 1472 2808 distentiones
1493 2753 1519 2805 iri
1537 2749 1709 2805 Christianos
1722 2753 1823 2806 saevire
1843 2749 1921 2813 cepit,

1138 2839 1234 2894 magna
1249 2834 1290 2879 ist
1309 2826 1380 2879 inter
1399 2822 1585 2894 Citrntiologos
1600 2821 1757 2885 opinionum
1775 2820 1920 2885 diversitas,

1137 2911 1252 2966 quorum
1273 2898 1318 2951 alii
1332 2895 1365 2950 ad
1377 2911 1477 2950 annunt
1494 2908 1556 2948 aiae
1570 2893 1668 2950 Christi
1684 2893 1805 2965 vulgaris
1820 2907 1923 2962 notiage

1136 2969 1246 3033 sinntin,
1261 2969 1306 3022 alii
1327 2967 1361 3021 ad
1375 2969 1578 3037 tintiagcsimnm
1594 2965 1728 3034 priunum,
1742 2964 1790 3019 alii
1804 2965 1839 3019 ad
1850 2978 1923 3019 nona·

1136 3039 1268 3109 gesimam
1284 3039 1403 3099 tertium,
1419 3039 1464 3092 alii
1476 3039 1509 3092 ad
1524 3038 1729 3107 ironagesimtim
1739 3049 1874 3103 «tunnam,
1888 3043 1921 3088 st·

1136 3126 1188 3181 qne
1197 3113 1242 3166 aiii
1258 3113 1374 3180 deniqne
1388 3109 1422 3164 ad
1435 3109 1637 3181 nonagesimum
1650 3111 1775 3180 quintum
1786 3108 1862 3162 illius
1874 3122 1923 3177 per·

1135 3186 1283 3241 secationis
1295 3184 1440 3254 primordia
1455 3196 1624 3252 qitttcnotqite
1649 3182 1730 3239 modo
1754 3178 1922 3237 tenemium

287 3244 358 3311 quod
375 3254 476 3298 tantum
492 3244 579 3313 abest,
595 3255 623 3301 ut
637 3247 805 3303 [lotnitiaous
821 3262 880 3317 post
896 3248 1012 3305 Neronis
1026 3252 1120 3316 obi-C
1136 3269 1197 3310 eant
1212 3255 1320 3327 nitidem
1335 3255 1546 3310 controversiam
1560 3270 1614 3307 non
1629 3252 1755 3318 indietis,
1774 3263 1806 3309 nt
1828 3251 1921 3307 tidelia·

289 3321 343 3367 tutn
361 3313 440 3369 inerit
453 3317 479 3370 in
497 3316 582 3372 lucent
599 3328 749 3389 sttsceptus,
774 3329 801 3373 tit
815 3321 868 3391 jam
884 3337 983 3375 annum
997 3324 1085 3377 artatis

287 3393 379 3452 ageret
404 3384 537 3441 decitnnnt
563 3390 718 3459 septinintn,
734 3406 795 3447 cnm
810 3392 882 3446 Nero
904 3401 991 3447 marte
1004 3407 1086 3449 occit-

289 3453 354 3509 lntit.
370 3454 571 3528 Conlirniatqne
584 3463 652 3517 aden
667 3466 784 3531 egregie,
800 3465 822 3517 si
842 3463 904 3533 tptid
924 3463 1028 3533 indico,
1041 3465 1086 3519 hic

288 3525 373 3591 locas,
389 3530 545 3600 nescioquo
571 3531 627 3586 lato
653 3536 687 3588 ab
715 3534 881 3604 atriplissinto
895 3532 1002 3605 Cnpero
1016 3551 1086 3605 prae-

288 3599 439 3679 territissns,
454 3599 706 3671 itliussententiam,
720 3620 771 3671 oua
781 3604 1086 3662 deitatulitioCoo'staii·

287 3674 336 3725 ttnt
361 3668 420 3723 solo
448 3668 587 3741 disputans
612 3675 760 3741 contendit,
790 3690 871 3731 noces
893 3688 965 3731 ortus
983 3681 1086 3734 etari‘ri

287 3740 408 3795 adhiberi
423 3757 476 3794 neu
506 3758 567 3797 raro
589 3746 718 3815 singulari
734 3748 867 3818 elegantia
878 3747 913 3803 de
927 3749 970 3815 iis,
984 3751 1029 3818 qtti
1043 3766 1087 3807 re-

287 3824 334 3881 ges
348 3812 424 3877 hotot,
440 3813 482 3867 vei
494 3814 682 3885 imperatores,
696 3827 743 3873 aut
755 3820 886 3874 cessares.

241 3934 244 3942 ,
324 3882 1087 3952 Quicumexerceretittoisitntdontinatiouem.llaiidtninii·

287 3971 345 4010 rntn
355 3957 714 4035 ιὶςπολλοὺςέπιδεικνύμινος
721 3962 851 4035 ὠμότητα.
859 3964 904 4019 οὐκ
914 3962 994 4037 ὀλίγον
1001 3974 1087 4021 τετῶν

286 4028 328 4083 irri
342 4026 387 4083 ‘Pit
408 4051 437 4091 nc
457 4030 600 4107 ίττοιτμιδῶν
622 4036 666 4087 καί
691 4036 823 4107 ἐπισήμων
836 4032 934 4113 ἀνδρῶν
947 4036 1041 4097 πλῆθος
1056 4041 1085 4093 ati

286 4100 341 4173 μετ’
354 4051 456 4175 ividem
469 4105 577 4179 κρίσεως
589 4106 751 4172 ἀποκτιίνων,
769 4110 880 4182 μυρίους
890 4127 918 4163 τι
931 4103 1020 4170 ἄλλους
1032 4110 1087 4167 ε’πι-

286 4180 374 4245 petite
395 4168 489 4248 ἄνδρας
501 4182 557 4237 ταῖς
571 4175 637 4251 ὑπὲρ
654 4182 700 4237 τήν
712 4178 807 4237 boetio
822 4184 917 4251 ζημιῶν
929 4187 1030 4254 φυγαῖς,
1044 4188 1086 4238 καὶ

286 4250 342 4302 ταῖς
354 4250 405 4297 τῶν
417 4246 510 4300 οὐσιῶν
524 4246 661 4309 emittere
673 4250 803 4314 ἀναιτίως,
824 4264 852 4303 ιιι
867 4253 937 4319 loqui
950 4250 1012 4306 luet
1025 4264 1086 4321 posi

290 4310 434 4395 Ettseltinni
449 4314 508 4387 (tio.
524 4333 552 4372 nt
570 4319 636 4373 lltst.
648 4318 733 4386 Eccl.,
750 4335 809 4389 cap.
831 4320 888 4393 17).
917 4320 973 4377 Ηοο
994 4334 1046 4387 est,
1061 4326 1085 4379 si

289 4381 388 4438 Vaicsn
399 4388 548 4442 versionem
564 4389 718 4447 imitentur:
737 4391 819 4446 linito
841 4394 868 4448 in
887 4396 1084 4449 niultosrratie-

288 4454 367 4508 litatis
387 4472 440 4509 sirie
463 4460 600 4528 speeiiitittn
614 4463 723 4526 edendo,
740 4480 785 4517 ncc
801 4480 895 4533 paucos
910 4466 1033 4519 natilitio
1045 4477 1086 4521 at-

268 4538 336 4591 ·ιμιο
347 4525 484 4580 iilntlri'ain
498 4532 606 4583 nirortint
620 4535 688 4588 nrbt's
704 4534 896 4605 Rotnoeininsle
905 4537 1083 4604 interimendo,

1138 3332 1191 3393 tur,
1206 3327 1355 3383 rationibus
1364 3325 1492 3381 dirimere
1501 3325 1554 3380 hoc
1567 3325 1627 3380 ioco
1641 3325 1790 3394 ingratiam
1804 3322 1922 3379 lindvelli

1137 3408 1231 3453 contra
1244 3400 1354 3469 Paginm
1365 3408 1393 3451 et
1405 3407 1762 3467 ceterosproposnerimns,
1773 3395 1920 3466 resaucient

1136 3468 1182 3523 din
1195 3481 1253 3525 erat
1264 3470 1397 3526 conlecta.
1411 3468 1465 3524 Sed
1477 3471 1537 3537 onis
1550 3469 1603 3523 erit
1616 3470 1688 3534 linis,
1704 3471 1840 3537 inquiunt,
1855 3470 1875 3519 si
1893 3465 1921 3520 ita

1138 3544 1338 3609 perrexerimus
1362 3552 1391 3595 ut
1412 3540 1563 3609 coepimusi
1577 3538 1697 3595 Dandum
1711 3539 1794 3609 igitur
1808 3538 1921 3606 deinceps

1137 3612 1260 3683 piurimis
1270 3616 1369 3669 nostris
1381 3612 1567 3693 ἔργοδιώκτιιις,
1582 3621 1611 3666 nt
1623 3626 1683 3682 qaae
1703 3612 1732 3665 iti
1756 3612 1830 3666 hune
1842 3621 1922 3665 aucto-

1137 3700 1195 3739 rent
1204 3685 1289 3741 insius
1301 3687 1503 3748 annotavimus,
1518 3684 1720 3739 antnhserrare
1729 3682 1921 3739 adhncrolehe

1138 3772 1208 3822 tntis,
1223 3759 1249 3812 iri
1265 3774 1348 3826 panca
1372 3768 1502 3827 quantum
1517 3754 1575 3811 iteri
1592 3756 1702 3825 poterit,
1726 3756 1919 3810 contraltatitnr.

1138 3827 1245 3883 Tractat
1259 3830 1328 3885 inira
1343 3830 1393 3885 hoc
1406 3838 1593 3899 argumentum
1608 3826 1731 3896 Cnpcrtrs
1746 3830 1772 3881 itt
1787 3828 1875 3897 priore
1893 3824 1919 3878 ad

1138 3916 1263 3970 inagnum
1275 3903 1468 3973 elegantiarum
1493 3900 1627 3954 Musarum
1647 3900 1779 3954 cnllnreot
1796 3898 1918 3960 Vectium,

1137 3987 1198 4044 pag.
1213 3975 1230 4029 9
1244 3984 1269 4029 et
1283 3988 1339 4043 seq.
1355 3972 1508 4028 liodvtelhis
1532 3986 1596 4025 tero
1617 3972 1644 4025 io
1670 3970 1861 4025 dissertatione
1878 3966 1920 4038 Cy·

1138 4046 1237 4110 priato..
1253 4061 1293 4109 xt,
1319 4060 1394 4100 nuto.
1420 4045 1464 4109 16,
1485 4052 1515 4097 ct
1530 4052 1590 4113 post
1604 4058 1665 4098 eum
1682 4042 1780 4113 Pagius
1800 4044 1836 4097 ad
1847 4053 1919 4095 atinos

1136 4114 1235 4171 Christi
1249 4117 1294 4180 911,
1309 4132 1382 4171 nittn.
1397 4115 1424 4176 5.
1441 4115 1467 4177 (i,
1484 4114 1530 4178 et,
1556 4131 1629 4171 nnm.
1646 4116 1673 4181 l,
1688 4115 1734 4181 es,
1754 4130 1829 4169 tiam.
1843 4112 1869 4177 i,
1883 4112 1919 4173 tt,

1138 4203 1213 4241 nant,
1228 4187 1255 4244 5.
1270 4188 1314 4251 bb',
1332 4205 1406 4242 num.
1418 4189 1445 4241 2.
1462 4188 1499 4241 iic
1514 4185 1605 4255 phrasi
1618 4196 1721 4250 autent,
1734 4202 1816 4258 quant
1828 4185 1869 4240 liic
1880 4196 1920 4237 no-

1136 4268 1193 4313 ster
1207 4258 1328 4323 adhibet,
1343 4260 1479 4327 (lioperitm
1494 4260 1566 4325 vide,
1582 4259 1635 4311 eol.
1650 4257 1717 4311 trs.

1175 4328 1304 4396 Totusone
1315 4334 1439 4399 repararit,
1453 4332 1533 4383 donec
1541 4330 1635 4401 iitipiat
1644 4345 1736 4383 ittonae
1748 4329 1869 4384 adversat
1877 4324 1920 4378 lio·

1137 4402 1236 4455 atinum
1245 4403 1367 4457 tenderet.
1389 4403 1530 4457 Proximus
1543 4411 1605 4471 post
1619 4399 1754 4456 Neronem
1767 4398 1919 4455 Christianos

1139 4485 1296 4542 persecutos
1311 4482 1352 4527 cst
1368 4474 1580 4528 Domitianos...
1594 4472 1629 4527 ht
1639 4487 1705 4527 sane
1718 4472 1794 4527 malti
1805 4486 1864 4527 esse
1875 4483 1918 4523 uon

1137 4553 1273 4616 poterant,
1286 4549 1331 4611 tpii
1340 4546 1366 4600 itt
1375 4561 1407 4599 ea
1418 4542 1628 4616 (persecutione)
1643 4545 1767 4599 coronati
1780 4555 1852 4600 sunt.
1867 4540 1919 4595 Erat

288 4596 353 4650 idios
369 4607 491 4663 praterea
504 4602 701 4658 initinnetnltiles
726 4623 833 4661 sutttmoe
858 4608 989 4677 dignitatis
1003 4615 1080 4673 siros,
1138 4616 1210 4671 enim
1226 4631 1258 4671 ea
1275 4618 1425 4684 persecutio
1437 4617 1605 4680 brevissima,
1619 4625 1648 4669 nt
1662 4616 1709 4671 rix
1729 4631 1811 4669 nnum
1830 4626 1918 4668 atinum

288 4668 388 4721 tontetsi
400 4668 522 4735 insontes,
536 4674 611 4726 cicilio
625 4685 648 4727 et
663 4676 785 4729 hortorum
801 4678 986 4743 proscriptione
1001 4652 1122 4733 niele-D

288 4738 375 4793 larido.
392 4739 561 4797 -lt'cercere
572 4756 661 4799 autem
678 4746 887 4814 doittinotionem,
904 4760 933 4801 ut
954 4749 979 4803 id
995 4750 1084 4807 obiter

287 4825 421 4875 moneant,
437 4827 488 4864 tnta
503 4824 544 4866 est
558 4830 589 4868 cx
603 4817 782 4873 locutionibus
794 4819 845 4874 iliis
864 4834 931 4890 quas
949 4837 964 4875 e
979 4820 1082 4879 Latinis

288 4882 405 4951 niaittrcs
419 4884 502 4937 nostri
517 4882 631 4942 Gallicas
647 4888 777 4956 iecerunt,
802 4899 829 4946 et
852 4892 971 4961 gritilium
986 4892 1082 4961 {initui-

287 4961 340 5007 latn
356 4968 416 5011 esse
430 4955 498 5024 apud
516 4968 650 5013 nostrates
671 4961 867 5017 multitudinem
889 4964 1015 5033 superius
1032 4980 1081 5033 po-

288 5025 427 5085 nebamus.
445 5042 477 5081 ne
489 5025 568 5083 laeile
582 5028 669 5085 Tullio
680 5032 901 5099 cuttcederemns,
918 5036 1019 5091 dehere
1031 5054 1082 5104 pito

286 5096 367 5168 officio
382 5098 478 5167 repleto
495 5100 520 5153 itt
536 5115 585 5169 pao
603 5102 683 5171 officio
697 5103 800 5172 intpleto
815 5108 924 5162 titulari.

322 5168 466 5225 Cervicihut
492 5170 691 5228 incolniensis
714 5190 738 5227 c.
760 5174 889 5230 72llottt·
915 5183 1035 5247 presides
1059 5191 1082 5235 et

286 5239 362 5312 plura
374 5242 455 5313 officia
469 5242 576 5312 sinpnlt's
588 5244 731 5313 replentibus
746 5262 775 5300 oc
792 5264 854 5315 pene
862 5252 918 5322 jorn
942 5252 1084 5308 ciuitatibus

285 5312 422 5392 iactibarc,
437 5314 469 5369 ad
486 5332 545 5385 ipre
562 5316 642 5370 veiha
658 5316 717 5372 tide
731 5316 857 5373 Tullium.
873 5320 973 5377 Cnnier
996 5326 1084 5393 eapite

287 5384 353 5508 μοι
376 5383 409 5439 ln
424 5395 543 5443 ceterum
566 5389 690 5455 popitlunt
709 5391 850 5462 persecutio
865 5394 986 5451 uiolenter
1011 5397 1085 5451 ittctt·

304 5466 349 5508 tot.

302 5594 308 5607 ·
323 5524 407 5590 Quam
421 5526 572 5585 diutissime.
590 5530 812 5589 hnttisridclicet
825 5534 1081 5606 necromantias,

287 5606 427 5664 sigericus
441 5598 547 5657 Eusehii
563 5618 649 5657 canon
665 5602 815 5659 Clitonicus
829 5647 836 5671 ‚
853 5608 1005 5677 latinusque
1018 5611 1082 5665 llic·

288 5669 404 5748 rongmi,
421 5679 447 5723 et
464 5680 577 5797 elingue
590 5689 672 5743 opere
688 5676 768 5746 longe
782 5680 917 5745 posterior
931 5680 1084 5736 iornondes

288 5738 411 5792 audiendi
435 5754 505 5795 stitit.
546 5760 560 5798 tt
578 5746 658 5813 priori
679 5749 794 5817 iptippe,
810 5751 882 5804 verbi
906 5752 1002 5821 gratia,
1022 5752 1079 5806 ‘Po-

288 5812 369 5877 μαίων
382 5811 569 5871 τ’ἕατίλτυσενθ
583 5822 731 5889 Δομετιανὸς
746 5816 790 5879 ἔτη
804 5840 840 5889 ιε,
856 5830 936 5893 μῆνας
946 5842 972 5889 e,
988 5827 1014 5879 id
1029 5833 1083 5890 esi,

290 5890 411 5937 uertente
434 5890 461 5936 et
487 5900 676 5946 enitimuticnte
700 5892 877 5961 hieronymo,
904 5891 1082 5953 Ronianotnnt

1134 4686 1385 4756 implerepotucril.
1411 4687 1509 4743 Statim
1528 4690 1688 4752 extitictnnt,
1711 4688 1798 4741 innuit
1815 4686 1917 4741 heltn-

1135 4756 1292 4824 hosduies,
1304 4760 1803 4833 inqitit,reananitdonecimpiosaionas
1812 4759 1918 4811 αιιιοιιιι

1134 4828 1275 4883 dominam
1291 4834 1413 4886 tenderet.
1435 4831 1576 4901 Postquam
1599 4847 1657 4886 nero
1675 4831 1710 4884 ad
1735 4830 1918 4900 persequendum

1134 4904 1229 4967 instant
1242 4902 1365 4973 populant
1382 4903 1504 4957 ittsiincttt
1524 4903 1669 4957 demonum
1680 4902 1801 4957 incitatas
1812 4911 1857 4966 etl,
1870 4910 1917 4951 ttae
1973 4921 1974 4942 i

1135 4972 1244 5026 traditus
1256 4974 1283 5025 itt
1297 4990 1386 5028 aionas
1399 4975 1560 5028 iniittieorttin
1575 4976 1621 5028 luit
1635 4991 1732 5047 penas.
1751 4975 1915 5029 momentus.

1170 5043 1211 5097 Ad
1232 5045 1435 5116 persequendam
1447 5048 1550 5118 joslani
1569 5047 1703 5119 populant.
1720 5046 1842 5113 Explicat
1864 5038 1916 5112 qnid
1973 5035 1974 5048 ¹

1135 5115 1443 5256 iltidliildl't
1458 5112 1918 5244 liillttlt‘iiohl·diiii
1973 5147 1974 5216 ἴ

1136 5264 1191 5311 tent
1203 5274 1298 5323 maten,
1322 5205 1460 5329 ottomodd
1481 5276 1541 5315 sese
1559 5262 1624 5316 oiiin
1636 5207 1917 5331 indsei’appeilitahant
1973 5259 1974 5268 ¹

1136 5327 1180 5398 (i.
1196 5326 1206 5381 l
1222 5328 1302 5383 Esdr.
1316 5345 1355 5394 tx,
1367 5329 1394 5394 Ξ,
1404 5339 1432 5385 et
1445 5330 1481 5385 ill
1493 5330 1572 5385 lidii.
1585 5348 1644 5399 virt,
1658 5332 1715 5405 ll).
1973 5367 1974 5404 i

1171 5398 1232 5453 linit
1244 5416 1343 5471 penas.
1360 5400 1397 5455 lta
1410 5402 1445 5456 de
1459 5405 1553 5457 eodeni
1570 5403 1734 5469 ltotrttitaoo,
1747 5412 1775 5458 et
1797 5404 1822 5457 in
1834 5401 1915 5457 eodem

1135 5483 1295 5539 argumento
1315 5472 1385 5540 apud
1416 5474 1553 5528 Aurelium
1582 5475 1742 5530 Victorem:
1765 5472 1856 5529 Penas
1878 5472 1916 5525 luit
1973 5529 1974 5532 Ἴ

1136 5543 1225 5609 quinto
1244 5551 1267 5595 et
1280 5544 1476 5612 quadragesimo
1489 5562 1558 5599 anno
1571 5548 1639 5601 aitte.
1655 5546 1748 5616 deooe
1766 5547 1842 5600 aliter
1859 5545 1915 5599 tae·

1136 5611 1236 5667 tantins
1249 5612 1284 5665 de
1297 5615 1465 5671 hitticliristo
1484 5637 1490 5669 :
1515 5615 1550 5671 Et
1573 5628 1671 5689 coptos,
1688 5618 1790 5673 tondent
1809 5616 1915 5670 arieto

1136 5698 1242 5736 suornm
1256 5683 1310 5737 inat
1322 5701 1409 5756 petias
1426 5686 1476 5751 (ile
1490 5686 1550 5742 Vita
1566 5689 1641 5743 beata
1657 5705 1682 5745 e.
1699 5688 1757 5755 tet.

1175 5752 1329 5824 ittlerfrcttts
1342 5756 1421 5813 denti.
1438 5758 1467 5812 ld
1482 5768 1541 5826 esl,
1565 5760 1592 5814 in
1605 5761 1714 5831 palatio.
1730 5759 1797 5816 vide
1812 5758 1878 5813 dcla
1888 5752 1915 5811 ad

1139 5834 1220 5893 caput
1235 5824 1278 5888 lt,
1306 5826 1485 5886 lioniilianum
1502 5837 1591 5885 antem
1606 5831 1688 5887 inisse
1700 5833 1817 5888 occisum
1837 5829 1863 5883 in
1875 5842 1914 5899 pa·

1138 5894 1215 5960 latio,
1229 5896 1301 5963 otiod
1323 5899 1349 5954 ei
1370 5900 1399 5954 in
1413 5900 1480 5959 urhe
1494 5900 1580 5959 Roma
1599 5918 1649 5973 pro
1659 5904 1742 5961 domo
1762 5911 1828 5969 eret,
1840 5910 1867 5956 et
1879 5894 1914 5957 ill
