<?xml version="1.0" encoding="UTF-8"?>
<!DOCTYPE html PUBLIC "-//W3C//DTD XHTML 1.0 Transitional//EN"
    "http://www.w3.org/TR/xhtml1/DTD/xhtml1-transitional.dtd">
<html xmlns="http://www.w3.org/1999/xhtml" xml:lang="en" lang="en">
 <head>
  <title>
</title>
<meta http-equiv="Content-Type" content="text/html;charset=utf-8" />
  <meta name='ocr-system' content='tesseract 3.04.00' />
  <meta name='ocr-capabilities' content='ocr_page ocr_carea ocr_par ocr_line ocrx_word'/>
</head>
<body>
  <div class='ocr_page' id='page_1' title='image "./patrologiaecurs186unkngoog/patrologiaecurs186unkngoog_0481.png"; bbox 0 0 4017 6350; ppageno 0'>
   <div class='ocr_carea' id='block_1_1' title="bbox 239 257 1875 335">
    <p class='ocr_par' dir='ltr' id='par_1_1' title="bbox 239 257 1875 335">
     <span class='ocr_line' id='line_1_1' title="bbox 239 257 1875 335; baseline -0.012 -2"><span class='ocrx_word' id='word_1_1' title='bbox 239 279 288 335; x_wconf 80' lang='lat' dir='ltr'>tttt</span> <span class='ocrx_word' id='word_1_2' title='bbox 954 268 997 325; x_wconf 82' lang='lat' dir='ltr'>LE</span> <span class='ocrx_word' id='word_1_3' title='bbox 1017 264 1167 326; x_wconf 78' lang='lat' dir='ltr'>ttouattu</span> <span class='ocrx_word' id='word_1_4' title='bbox 1829 257 1875 315; x_wconf 75' lang='lat' dir='ltr'>tut</span> 
     </span>
    </p>
   </div>
   <div class='ocr_carea' id='block_1_2' title="bbox 239 379 1894 3349">
    <p class='ocr_par' dir='ltr' id='par_1_2' title="bbox 239 379 1894 3349">
     <span class='ocr_line' id='line_1_2' title="bbox 239 379 1875 467; baseline -0.009 -16"><span class='ocrx_word' id='word_1_5' title='bbox 239 410 301 463; x_wconf 85' lang='lat' dir='ltr'>res,</span> <span class='ocrx_word' id='word_1_6' title='bbox 318 392 366 451; x_wconf 84' lang='lat' dir='ltr'>sai</span> <span class='ocrx_word' id='word_1_7' title='bbox 383 392 565 467; x_wconf 77' lang='lat' dir='ltr'>Augustorum</span> <span class='ocrx_word' id='word_1_8' title='bbox 580 391 721 449; x_wconf 81' lang='lat' dir='ltr'>dumtaxat</span> <span class='ocrx_word' id='word_1_9' title='bbox 744 390 826 447; x_wconf 86' lang='lat' dir='ltr'>illios.</span> <span class='ocrx_word' id='word_1_10' title='bbox 850 388 952 447; x_wconf 82' lang='lat' dir='ltr'>Verum</span> <span class='ocrx_word' id='word_1_11' title='bbox 974 385 1078 459; x_wconf 60' lang='lat' dir='ltr'>quiana</span> <span class='ocrx_word' id='word_1_12' title='bbox 1125 384 1253 442; x_wconf 69' lang='grc' dir='ltr'>Βοιοιιιιι</span> <span class='ocrx_word' id='word_1_13' title='bbox 1268 384 1378 441; x_wconf 86' lang='lat' dir='ltr'>ittteritu</span> <span class='ocrx_word' id='word_1_14' title='bbox 1391 398 1467 440; x_wconf 85' lang='lat' dir='ltr'>suam</span> <span class='ocrx_word' id='word_1_15' title='bbox 1481 383 1637 455; x_wconf 80' lang='lat' dir='ltr'>imperatori</span> <span class='ocrx_word' id='word_1_16' title='bbox 1650 380 1761 439; x_wconf 80' lang='lat' dir='ltr'>Licinio</span> <span class='ocrx_word' id='word_1_17' title='bbox 1771 379 1875 453; x_wconf 61' lang='lat' dir='ltr'>dupon-</span> 
     </span>
     <span class='ocr_line' id='line_1_3' title="bbox 241 474 1877 559; baseline -0.008 -15"><span class='ocrx_word' id='word_1_18' title='bbox 241 487 269 545; x_wconf 90' lang='lat' dir='ltr'>hi</span> <span class='ocrx_word' id='word_1_19' title='bbox 282 488 336 544; x_wconf 91' lang='lat' dir='ltr'>duo</span> <span class='ocrx_word' id='word_1_20' title='bbox 350 488 535 559; x_wconf 76' lang='lat' dir='ltr'><strong>posteriores,</strong></span> <span class='ocrx_word' id='word_1_21' title='bbox 552 485 590 542; x_wconf 91' lang='lat' dir='ltr'>uti</span> <span class='ocrx_word' id='word_1_22' title='bbox 604 486 722 543; x_wconf 79' lang='lat' dir='ltr'>diximus</span> <span class='ocrx_word' id='word_1_23' title='bbox 735 526 743 553; x_wconf 91' lang='lat'>,</span> <span class='ocrx_word' id='word_1_24' title='bbox 756 486 838 555; x_wconf 90' lang='lat' dir='ltr'>longe</span> <span class='ocrx_word' id='word_1_25' title='bbox 850 490 931 539; x_wconf 90' lang='lat' dir='ltr'>autea</span> <span class='ocrx_word' id='word_1_26' title='bbox 945 490 974 537; x_wconf 92' lang='lat' dir='ltr'>et</span> <span class='ocrx_word' id='word_1_27' title='bbox 986 496 1037 536; x_wconf 88' lang='lat' dir='ltr'>ua·</span> <span class='ocrx_word' id='word_1_28' title='bbox 1090 480 1146 535; x_wconf 88' lang='lat' dir='ltr'>det.</span> <span class='ocrx_word' id='word_1_29' title='bbox 1161 478 1215 535; x_wconf 80' lang='lat' dir='ltr'>Sed</span> <span class='ocrx_word' id='word_1_30' title='bbox 1229 488 1354 550; x_wconf 86' lang='lat' dir='ltr'>suspecta</span> <span class='ocrx_word' id='word_1_31' title='bbox 1369 478 1420 535; x_wconf 90' lang='lat' dir='ltr'>luit</span> <span class='ocrx_word' id='word_1_32' title='bbox 1433 478 1579 533; x_wconf 87' lang='lat' dir='ltr'>Maximino</span> <span class='ocrx_word' id='word_1_33' title='bbox 1596 493 1629 533; x_wconf 89' lang='lat' dir='ltr'>ea</span> <span class='ocrx_word' id='word_1_34' title='bbox 1641 474 1877 544; x_wconf 69' lang='lat' dir='ltr'>amnicaequaeu</span> 
     </span>
     <span class='ocr_line' id='line_1_4' title="bbox 241 568 1879 651; baseline -0.009 -12"><span class='ocrx_word' id='word_1_35' title='bbox 241 593 301 639; x_wconf 86' lang='lat' dir='ltr'>tara</span> <span class='ocrx_word' id='word_1_36' title='bbox 316 583 557 651; x_wconf 77' lang='lat' dir='ltr'>suaaugttstorum</span> <span class='ocrx_word' id='word_1_37' title='bbox 574 580 730 647; x_wconf 91' lang='lat' dir='ltr'>liiiieraut,</span> <span class='ocrx_word' id='word_1_38' title='bbox 745 578 815 634; x_wconf 83' lang='lat' dir='ltr'>aiter</span> <span class='ocrx_word' id='word_1_39' title='bbox 830 576 972 631; x_wconf 87' lang='lat' dir='ltr'>verborum</span> <span class='ocrx_word' id='word_1_40' title='bbox 987 573 1038 631; x_wconf 86' lang='lat' dir='ltr'>Ce-</span> <span class='ocrx_word' id='word_1_41' title='bbox 1089 576 1221 631; x_wconf 77' lang='lat' dir='ltr'>adversus</span> <span class='ocrx_word' id='word_1_42' title='bbox 1243 589 1273 631; x_wconf 90' lang='lat' dir='ltr'>se</span> <span class='ocrx_word' id='word_1_43' title='bbox 1298 573 1459 644; x_wconf 81' lang='lat' dir='ltr'>conjunctos</span> <span class='ocrx_word' id='word_1_44' title='bbox 1484 572 1668 628; x_wconf 78' lang='lat' dir='ltr'>omittebatur.</span> <span class='ocrx_word' id='word_1_45' title='bbox 1694 568 1722 625; x_wconf 90' lang='lat' dir='ltr'>ls</span> <span class='ocrx_word' id='word_1_46' title='bbox 1747 569 1832 639; x_wconf 85' lang='lat' dir='ltr'>itaque</span> <span class='ocrx_word' id='word_1_47' title='bbox 1851 568 1879 624; x_wconf 89' lang='lat' dir='ltr'>ad</span> 
     </span>
     <span class='ocr_line' id='line_1_5' title="bbox 243 662 1880 741; baseline -0.009 -13"><span class='ocrx_word' id='word_1_48' title='bbox 243 672 298 728; x_wconf 90' lang='lat' dir='ltr'>ciiii</span> <span class='ocrx_word' id='word_1_49' title='bbox 312 672 458 729; x_wconf 87' lang='lat' dir='ltr'>seusussic</span> <span class='ocrx_word' id='word_1_50' title='bbox 475 672 726 741; x_wconf 83' lang='lat' dir='ltr'>potestexplicari:</span> <span class='ocrx_word' id='word_1_51' title='bbox 751 669 874 727; x_wconf 89' lang='lat' dir='ltr'>Galerius</span> <span class='ocrx_word' id='word_1_52' title='bbox 895 682 925 723; x_wconf 88' lang='lat' dir='ltr'>se</span> <span class='ocrx_word' id='word_1_53' title='bbox 949 665 1038 737; x_wconf 89' lang='lat' dir='ltr'>ipsam</span> <span class='ocrx_word' id='word_1_54' title='bbox 1090 667 1251 724; x_wconf 84' lang='lat' dir='ltr'>Maxentium</span> <span class='ocrx_word' id='word_1_55' title='bbox 1272 667 1345 722; x_wconf 88' lang='lat' dir='ltr'>misit</span> <span class='ocrx_word' id='word_1_56' title='bbox 1364 664 1506 736; x_wconf 88' lang='lat' dir='ltr'>imaginem</span> <span class='ocrx_word' id='word_1_57' title='bbox 1525 680 1602 720; x_wconf 83' lang='lat' dir='ltr'>suant</span> <span class='ocrx_word' id='word_1_58' title='bbox 1621 664 1780 733; x_wconf 83' lang='lat' dir='ltr'>etlegatos,</span> <span class='ocrx_word' id='word_1_59' title='bbox 1801 662 1880 733; x_wconf 84' lang='lat' dir='ltr'>bisque</span> 
     </span>
     <span class='ocr_line' id='line_1_6' title="bbox 241 755 1881 834; baseline -0.005 -13"><span class='ocrx_word' id='word_1_60' title='bbox 241 772 270 821; x_wconf 87' lang='lat' dir='ltr'>et</span> <span class='ocrx_word' id='word_1_61' title='bbox 283 763 432 831; x_wconf 86' lang='lat' dir='ltr'>Licinium,</span> <span class='ocrx_word' id='word_1_62' title='bbox 447 774 528 834; x_wconf 90' lang='lat' dir='ltr'>atque</span> <span class='ocrx_word' id='word_1_63' title='bbox 542 764 722 834; x_wconf 82' lang='lat' dir='ltr'>dttgustortttu</span> <span class='ocrx_word' id='word_1_64' title='bbox 740 762 810 819; x_wconf 80' lang='lat' dir='ltr'>itlius</span> <span class='ocrx_word' id='word_1_65' title='bbox 832 760 995 816; x_wconf 75' lang='lat' dir='ltr'>Maxentium</span> <span class='ocrx_word' id='word_1_66' title='bbox 1011 768 1041 813; x_wconf 92' lang='lat' dir='ltr'>et</span> <span class='ocrx_word' id='word_1_67' title='bbox 1090 762 1164 818; x_wconf 88' lang='lat' dir='ltr'>dedit</span> <span class='ocrx_word' id='word_1_68' title='bbox 1178 760 1293 826; x_wconf 85' lang='lat' dir='ltr'>litteras,</span> <span class='ocrx_word' id='word_1_69' title='bbox 1306 761 1405 832; x_wconf 87' lang='lat' dir='ltr'>qtubus</span> <span class='ocrx_word' id='word_1_70' title='bbox 1417 760 1575 817; x_wconf 84' lang='lat' dir='ltr'>ioeduscuut</span> <span class='ocrx_word' id='word_1_71' title='bbox 1592 774 1628 815; x_wconf 90' lang='lat' dir='ltr'>eo</span> <span class='ocrx_word' id='word_1_72' title='bbox 1641 759 1714 814; x_wconf 83' lang='lat' dir='ltr'>inire</span> <span class='ocrx_word' id='word_1_73' title='bbox 1732 755 1881 829; x_wconf 77' lang='lat' dir='ltr'>postulabat.</span> 
     </span>
     <span class='ocr_line' id='line_1_7' title="bbox 242 850 1883 925; baseline -0.004 -14"><span class='ocrx_word' id='word_1_74' title='bbox 242 854 448 912; x_wconf 84' lang='lat' dir='ltr'>Constantiuum</span> <span class='ocrx_word' id='word_1_75' title='bbox 472 857 557 910; x_wconf 88' lang='lat' dir='ltr'>veluit</span> <span class='ocrx_word' id='word_1_76' title='bbox 570 872 632 913; x_wconf 85' lang='lat' dir='ltr'>esse</span> <span class='ocrx_word' id='word_1_77' title='bbox 656 856 845 925; x_wconf 89' lang='lat' dir='ltr'>imperatores.</span> <span class='ocrx_word' id='word_1_78' title='bbox 861 855 928 923; x_wconf 74' lang='lat' dir='ltr'>Quae</span> <span class='ocrx_word' id='word_1_79' title='bbox 947 866 1038 911; x_wconf 87' lang='lat' dir='ltr'>autem</span> <span class='ocrx_word' id='word_1_80' title='bbox 1091 854 1339 913; x_wconf 67' lang='lat' dir='ltr'>austremonius</span> <span class='ocrx_word' id='word_1_81' title='bbox 1360 854 1511 911; x_wconf 89' lang='lat' dir='ltr'>Maxentius</span> <span class='ocrx_word' id='word_1_82' title='bbox 1522 851 1704 908; x_wconf 87' lang='lat' dir='ltr'>libentissime</span> <span class='ocrx_word' id='word_1_83' title='bbox 1719 850 1844 918; x_wconf 82' lang='lat' dir='ltr'>suscepit,</span> <span class='ocrx_word' id='word_1_84' title='bbox 1857 865 1883 905; x_wconf 86' lang='lat' dir='ltr'>ar</span> 
     </span>
     <span class='ocr_line' id='line_1_8' title="bbox 241 942 1883 1020; baseline -0.004 -19"><span class='ocrx_word' id='word_1_85' title='bbox 241 948 333 1003; x_wconf 89' lang='lat' dir='ltr'>verior</span> <span class='ocrx_word' id='word_1_86' title='bbox 346 963 378 1003; x_wconf 87' lang='lat' dir='ltr'>ex</span> <span class='ocrx_word' id='word_1_87' title='bbox 394 945 437 1003; x_wconf 86' lang='lat' dir='ltr'>bis</span> <span class='ocrx_word' id='word_1_88' title='bbox 449 946 554 1002; x_wconf 89' lang='lat' dir='ltr'>duabus</span> <span class='ocrx_word' id='word_1_89' title='bbox 569 948 606 1003; x_wconf 86' lang='lat' dir='ltr'>sit</span> <span class='ocrx_word' id='word_1_90' title='bbox 617 948 716 1003; x_wconf 88' lang='lat' dir='ltr'>tuentis</span> <span class='ocrx_word' id='word_1_91' title='bbox 731 947 930 1018; x_wconf 90' lang='lat' dir='ltr'>verborumque</span> <span class='ocrx_word' id='word_1_92' title='bbox 944 954 1039 1002; x_wconf 88' lang='lat' dir='ltr'>auctu·</span> <span class='ocrx_word' id='word_1_93' title='bbox 1091 960 1227 1020; x_wconf 87' lang='lat' dir='ltr'>tamquam</span> <span class='ocrx_word' id='word_1_94' title='bbox 1245 948 1374 1004; x_wconf 87' lang='lat' dir='ltr'>divinitus</span> <span class='ocrx_word' id='word_1_95' title='bbox 1384 948 1498 1003; x_wconf 86' lang='lat' dir='ltr'>missum</span> <span class='ocrx_word' id='word_1_96' title='bbox 1512 945 1564 1001; x_wconf 87' lang='lat' dir='ltr'>sibi</span> <span class='ocrx_word' id='word_1_97' title='bbox 1576 954 1672 1002; x_wconf 82' lang='lat' dir='ltr'>eontra</span> <span class='ocrx_word' id='word_1_98' title='bbox 1684 942 1883 999; x_wconf 67' lang='lat' dir='ltr'>Consualium</span> 
     </span>
     <span class='ocr_line' id='line_1_9' title="bbox 240 1037 1885 1113; baseline -0.008 -12"><span class='ocrx_word' id='word_1_99' title='bbox 240 1040 279 1101; x_wconf 85' lang='lat' dir='ltr'>ris</span> <span class='ocrx_word' id='word_1_100' title='bbox 292 1042 378 1097; x_wconf 77' lang='lat' dir='ltr'>nostri</span> <span class='ocrx_word' id='word_1_101' title='bbox 390 1041 588 1111; x_wconf 72' lang='lat' dir='ltr'>interpretatio,</span> <span class='ocrx_word' id='word_1_102' title='bbox 603 1042 736 1113; x_wconf 88' lang='lat' dir='ltr'>expende,</span> <span class='ocrx_word' id='word_1_103' title='bbox 752 1056 865 1112; x_wconf 61' lang='lat' dir='ltr'>quaeso,</span> <span class='ocrx_word' id='word_1_104' title='bbox 880 1056 912 1097; x_wconf 87' lang='lat' dir='ltr'>ac</span> <span class='ocrx_word' id='word_1_105' title='bbox 926 1055 1042 1113; x_wconf 90' lang='lat' dir='ltr'>pronun·</span> <span class='ocrx_word' id='word_1_106' title='bbox 1091 1041 1197 1097; x_wconf 88' lang='lat' dir='ltr'>bostem</span> <span class='ocrx_word' id='word_1_107' title='bbox 1210 1041 1350 1097; x_wconf 89' lang='lat' dir='ltr'>auxilium.</span> <span class='ocrx_word' id='word_1_108' title='bbox 1371 1040 1400 1096; x_wconf 91' lang='lat' dir='ltr'>itt</span> <span class='ocrx_word' id='word_1_109' title='bbox 1415 1039 1486 1110; x_wconf 79' lang='lat' dir='ltr'>pacti</span> <span class='ocrx_word' id='word_1_110' title='bbox 1499 1046 1590 1094; x_wconf 88' lang='lat' dir='ltr'>autem</span> <span class='ocrx_word' id='word_1_111' title='bbox 1605 1037 1718 1093; x_wconf 77' lang='lat' dir='ltr'>[sederis</span> <span class='ocrx_word' id='word_1_112' title='bbox 1733 1038 1838 1106; x_wconf 88' lang='lat' dir='ltr'>sigttutn</span> <span class='ocrx_word' id='word_1_113' title='bbox 1849 1049 1885 1090; x_wconf 84' lang='lat' dir='ltr'>te·</span> 
     </span>
     <span class='ocr_line' id='line_1_10' title="bbox 241 1125 1886 1207; baseline -0.004 -18"><span class='ocrx_word' id='word_1_114' title='bbox 241 1134 291 1190; x_wconf 90' lang='lat' dir='ltr'>tiu.</span> <span class='ocrx_word' id='word_1_115' title='bbox 308 1130 442 1189; x_wconf 79' lang='lat' dir='ltr'>Caeterum</span> <span class='ocrx_word' id='word_1_116' title='bbox 457 1134 521 1189; x_wconf 89' lang='lat' dir='ltr'>illud</span> <span class='ocrx_word' id='word_1_117' title='bbox 534 1132 635 1189; x_wconf 89' lang='lat' dir='ltr'>elarius</span> <span class='ocrx_word' id='word_1_118' title='bbox 648 1147 708 1189; x_wconf 91' lang='lat' dir='ltr'>esse</span> <span class='ocrx_word' id='word_1_119' title='bbox 725 1134 839 1197; x_wconf 89' lang='lat' dir='ltr'>videtur,</span> <span class='ocrx_word' id='word_1_120' title='bbox 860 1132 931 1205; x_wconf 87' lang='lat' dir='ltr'>qaod</span> <span class='ocrx_word' id='word_1_121' title='bbox 947 1131 1041 1189; x_wconf 89' lang='lat' dir='ltr'>abillo</span> <span class='ocrx_word' id='word_1_122' title='bbox 1091 1144 1197 1207; x_wconf 90' lang='lat' dir='ltr'>ceptam</span> <span class='ocrx_word' id='word_1_123' title='bbox 1211 1134 1381 1191; x_wconf 88' lang='lat' dir='ltr'>aMaxintiuo</span> <span class='ocrx_word' id='word_1_124' title='bbox 1393 1150 1454 1189; x_wconf 88' lang='lat' dir='ltr'>curn</span> <span class='ocrx_word' id='word_1_125' title='bbox 1466 1147 1515 1188; x_wconf 89' lang='lat' dir='ltr'>sua</span> <span class='ocrx_word' id='word_1_126' title='bbox 1527 1131 1644 1187; x_wconf 86' lang='lat' dir='ltr'>collocat</span> <span class='ocrx_word' id='word_1_127' title='bbox 1657 1129 1820 1201; x_wconf 72' lang='lat' dir='ltr'>imaginem.</span> <span class='ocrx_word' id='word_1_128' title='bbox 1840 1125 1886 1184; x_wconf 79' lang='lat' dir='ltr'>Mos</span> 
     </span>
     <span class='ocr_line' id='line_1_11' title="bbox 242 1222 1888 1298; baseline -0.002 -16"><span class='ocrx_word' id='word_1_129' title='bbox 242 1226 413 1297; x_wconf 81' lang='lat' dir='ltr'>subjungitur</span> <span class='ocrx_word' id='word_1_130' title='bbox 436 1233 499 1281; x_wconf 89' lang='lat' dir='ltr'>tuuc</span> <span class='ocrx_word' id='word_1_131' title='bbox 522 1224 658 1281; x_wconf 87' lang='lat' dir='ltr'>sublatum</span> <span class='ocrx_word' id='word_1_132' title='bbox 674 1240 688 1279; x_wconf 93' lang='lat' dir='ltr'>a</span> <span class='ocrx_word' id='word_1_133' title='bbox 702 1224 812 1281; x_wconf 87' lang='lat' dir='ltr'>Galerio</span> <span class='ocrx_word' id='word_1_134' title='bbox 828 1222 966 1281; x_wconf 77' lang='lat' dir='ltr'>Caesarum</span> <span class='ocrx_word' id='word_1_135' title='bbox 992 1240 1041 1280; x_wconf 92' lang='lat' dir='ltr'>oo-</span> <span class='ocrx_word' id='word_1_136' title='bbox 1091 1229 1164 1285; x_wconf 91' lang='lat' dir='ltr'>enim</span> <span class='ocrx_word' id='word_1_137' title='bbox 1178 1239 1238 1286; x_wconf 87' lang='lat' dir='ltr'>erat</span> <span class='ocrx_word' id='word_1_138' title='bbox 1251 1228 1387 1284; x_wconf 74' lang='lat' dir='ltr'>cesarem</span> <span class='ocrx_word' id='word_1_139' title='bbox 1399 1236 1427 1282; x_wconf 90' lang='lat' dir='ltr'>et</span> <span class='ocrx_word' id='word_1_140' title='bbox 1438 1228 1651 1298; x_wconf 86' lang='lat' dir='ltr'>imperatorum,</span> <span class='ocrx_word' id='word_1_141' title='bbox 1667 1232 1700 1280; x_wconf 91' lang='lat' dir='ltr'>ut</span> <span class='ocrx_word' id='word_1_142' title='bbox 1712 1233 1778 1293; x_wconf 89' lang='lat' dir='ltr'>pust</span> <span class='ocrx_word' id='word_1_143' title='bbox 1790 1222 1888 1292; x_wconf 67' lang='lat' dir='ltr'>lutea</span> 
     </span>
     <span class='ocr_line' id='line_1_12' title="bbox 241 1316 1888 1388; baseline -0.004 -13"><span class='ocrx_word' id='word_1_144' title='bbox 241 1334 316 1375; x_wconf 90' lang='lat' dir='ltr'>meu.</span> <span class='ocrx_word' id='word_1_145' title='bbox 331 1316 386 1375; x_wconf 85' lang='lat' dir='ltr'>Sed</span> <span class='ocrx_word' id='word_1_146' title='bbox 401 1316 553 1388; x_wconf 89' lang='lat' dir='ltr'>quomode,</span> <span class='ocrx_word' id='word_1_147' title='bbox 577 1317 690 1373; x_wconf 91' lang='lat' dir='ltr'>obsecro</span> <span class='ocrx_word' id='word_1_148' title='bbox 711 1324 755 1383; x_wconf 89' lang='lat' dir='ltr'>te,</span> <span class='ocrx_word' id='word_1_149' title='bbox 781 1317 933 1373; x_wconf 73' lang='lat' dir='ltr'>rublorum?</span> <span class='ocrx_word' id='word_1_150' title='bbox 957 1317 1042 1371; x_wconf 80' lang='lat' dir='ltr'>Mattt·</span> <span class='ocrx_word' id='word_1_151' title='bbox 1093 1322 1225 1378; x_wconf 66' lang='lat' dir='ltr'>rationum</span> <span class='ocrx_word' id='word_1_152' title='bbox 1239 1335 1303 1376; x_wconf 76' lang='lat' dir='ltr'>snas</span> <span class='ocrx_word' id='word_1_153' title='bbox 1323 1319 1373 1377; x_wconf 80' lang='lat' dir='ltr'>sibi</span> <span class='ocrx_word' id='word_1_154' title='bbox 1385 1318 1499 1375; x_wconf 66' lang='lat' dir='ltr'>invimus</span> <span class='ocrx_word' id='word_1_155' title='bbox 1513 1319 1653 1373; x_wconf 81' lang='lat' dir='ltr'>mitterent</span> <span class='ocrx_word' id='word_1_156' title='bbox 1674 1316 1888 1387; x_wconf 63' lang='lat' dir='ltr'>imaginesque</span> 
     </span>
     <span class='ocr_line' id='line_1_13' title="bbox 242 1408 1888 1485; baseline -0.004 -17"><span class='ocrx_word' id='word_1_157' title='bbox 242 1411 307 1483; x_wconf 87' lang='lat' dir='ltr'>quid</span> <span class='ocrx_word' id='word_1_158' title='bbox 322 1421 352 1467; x_wconf 93' lang='lat' dir='ltr'>at</span> <span class='ocrx_word' id='word_1_159' title='bbox 365 1411 430 1467; x_wconf 88' lang='lat' dir='ltr'>ualli</span> <span class='ocrx_word' id='word_1_160' title='bbox 447 1422 538 1481; x_wconf 88' lang='lat' dir='ltr'>postea</span> <span class='ocrx_word' id='word_1_161' title='bbox 554 1408 667 1483; x_wconf 78' lang='lat' dir='ltr'>Augusti</span> <span class='ocrx_word' id='word_1_162' title='bbox 689 1419 717 1465; x_wconf 89' lang='lat' dir='ltr'>et</span> <span class='ocrx_word' id='word_1_163' title='bbox 731 1410 903 1481; x_wconf 88' lang='lat' dir='ltr'>imperatoris</span> <span class='ocrx_word' id='word_1_164' title='bbox 919 1408 974 1466; x_wconf 86' lang='lat' dir='ltr'>lilio</span> <span class='ocrx_word' id='word_1_165' title='bbox 989 1410 1041 1467; x_wconf 90' lang='lat' dir='ltr'>bec</span> <span class='ocrx_word' id='word_1_166' title='bbox 1091 1412 1200 1485; x_wconf 85' lang='lat' dir='ltr'>quidem</span> <span class='ocrx_word' id='word_1_167' title='bbox 1214 1412 1237 1468; x_wconf 89' lang='lat' dir='ltr'>si</span> <span class='ocrx_word' id='word_1_168' title='bbox 1250 1412 1410 1469; x_wconf 88' lang='lat' dir='ltr'>electionem</span> <span class='ocrx_word' id='word_1_169' title='bbox 1421 1411 1604 1482; x_wconf 72' lang='lat' dir='ltr'>approbarem</span> <span class='ocrx_word' id='word_1_170' title='bbox 1621 1410 1679 1464; x_wconf 88' lang='lat' dir='ltr'>suis</span> <span class='ocrx_word' id='word_1_171' title='bbox 1692 1408 1807 1479; x_wconf 86' lang='lat' dir='ltr'>ady&#39;uugi</span> <span class='ocrx_word' id='word_1_172' title='bbox 1822 1422 1888 1461; x_wconf 88' lang='lat' dir='ltr'>eura·</span> 
     </span>
     <span class='ocr_line' id='line_1_14' title="bbox 243 1497 1887 1575; baseline -0.004 -16"><span class='ocrx_word' id='word_1_173' title='bbox 243 1519 343 1559; x_wconf 88' lang='lat' dir='ltr'>ttotnctt</span> <span class='ocrx_word' id='word_1_174' title='bbox 357 1504 384 1557; x_wconf 93' lang='lat' dir='ltr'>in</span> <span class='ocrx_word' id='word_1_175' title='bbox 397 1512 498 1559; x_wconf 86' lang='lat' dir='ltr'>certam</span> <span class='ocrx_word' id='word_1_176' title='bbox 511 1503 616 1573; x_wconf 89' lang='lat' dir='ltr'>imperii</span> <span class='ocrx_word' id='word_1_177' title='bbox 629 1518 704 1574; x_wconf 88' lang='lat' dir='ltr'>spem</span> <span class='ocrx_word' id='word_1_178' title='bbox 715 1502 844 1559; x_wconf 73' lang='lat' dir='ltr'>daretur?</span> <span class='ocrx_word' id='word_1_179' title='bbox 857 1504 971 1559; x_wconf 74' lang='lat' dir='ltr'>urseris</span> <span class='ocrx_word' id='word_1_180' title='bbox 983 1513 1041 1559; x_wconf 88' lang='lat' dir='ltr'>ete·</span> <span class='ocrx_word' id='word_1_181' title='bbox 1093 1506 1168 1562; x_wconf 86' lang='lat' dir='ltr'>bant.</span> <span class='ocrx_word' id='word_1_182' title='bbox 1184 1504 1323 1563; x_wconf 86' lang='lat' dir='ltr'>Testalum</span> <span class='ocrx_word' id='word_1_183' title='bbox 1342 1504 1442 1575; x_wconf 86' lang='lat' dir='ltr'>quippe</span> <span class='ocrx_word' id='word_1_184' title='bbox 1456 1503 1627 1559; x_wconf 86' lang='lat' dir='ltr'>Merodiauus</span> <span class='ocrx_word' id='word_1_185' title='bbox 1651 1500 1718 1557; x_wconf 91' lang='lat' dir='ltr'>iacit</span> <span class='ocrx_word' id='word_1_186' title='bbox 1739 1497 1887 1571; x_wconf 70' lang='lat' dir='ltr'>(aaran.</span> 
     </span>
     <span class='ocr_line' id='line_1_15' title="bbox 243 1593 1890 1673; baseline -0.002 -22"><span class='ocrx_word' id='word_1_187' title='bbox 243 1595 300 1651; x_wconf 91' lang='lat' dir='ltr'>nim</span> <span class='ocrx_word' id='word_1_188' title='bbox 315 1594 472 1667; x_wconf 86' lang='lat' dir='ltr'>dignitatern</span> <span class='ocrx_word' id='word_1_189' title='bbox 492 1595 601 1667; x_wconf 86' lang='lat' dir='ltr'>reliquit</span> <span class='ocrx_word' id='word_1_190' title='bbox 619 1594 783 1663; x_wconf 82' lang='lat' dir='ltr'>Maximino,</span> <span class='ocrx_word' id='word_1_191' title='bbox 806 1596 854 1651; x_wconf 89' lang='lat' dir='ltr'>sed</span> <span class='ocrx_word' id='word_1_192' title='bbox 880 1612 933 1652; x_wconf 91' lang='lat' dir='ltr'>nou</span> <span class='ocrx_word' id='word_1_193' title='bbox 959 1596 1040 1652; x_wconf 89' lang='lat' dir='ltr'>aliam</span> <span class='ocrx_word' id='word_1_194' title='bbox 1093 1600 1213 1655; x_wconf 82' lang='lat' dir='ltr'>vitiator.</span> <span class='ocrx_word' id='word_1_195' title='bbox 1229 1617 1287 1673; x_wconf 85' lang='lat' dir='ltr'>cup.</span> <span class='ocrx_word' id='word_1_196' title='bbox 1308 1597 1385 1670; x_wconf 82' lang='lat'><strong>567)</strong></span> <span class='ocrx_word' id='word_1_197' title='bbox 1405 1600 1517 1653; x_wconf 85' lang='lat' dir='ltr'>missam</span> <span class='ocrx_word' id='word_1_198' title='bbox 1538 1596 1669 1653; x_wconf 81' lang='lat' dir='ltr'>Rntttanis</span> <span class='ocrx_word' id='word_1_199' title='bbox 1688 1594 1728 1651; x_wconf 88' lang='lat' dir='ltr'>ab</span> <span class='ocrx_word' id='word_1_200' title='bbox 1745 1593 1890 1664; x_wconf 79' lang='lat' dir='ltr'>Eliogabalu</span> 
     </span>
     <span class='ocr_line' id='line_1_16' title="bbox 241 1686 1891 1770; baseline -0.001 -28"><span class='ocrx_word' id='word_1_201' title='bbox 241 1687 338 1759; x_wconf 90' lang='lat' dir='ltr'>procui</span> <span class='ocrx_word' id='word_1_202' title='bbox 353 1688 434 1743; x_wconf 89' lang='lat' dir='ltr'>dubio</span> <span class='ocrx_word' id='word_1_203' title='bbox 449 1686 485 1743; x_wconf 92' lang='lat' dir='ltr'>ob</span> <span class='ocrx_word' id='word_1_204' title='bbox 498 1688 650 1759; x_wconf 89' lang='lat' dir='ltr'>rationem,</span> <span class='ocrx_word' id='word_1_205' title='bbox 665 1689 717 1746; x_wconf 91' lang='lat' dir='ltr'>uisi</span> <span class='ocrx_word' id='word_1_206' title='bbox 729 1690 791 1761; x_wconf 89' lang='lat' dir='ltr'>qaia</span> <span class='ocrx_word' id='word_1_207' title='bbox 807 1690 879 1747; x_wconf 91' lang='lat' dir='ltr'>iliam</span> <span class='ocrx_word' id='word_1_208' title='bbox 894 1692 1002 1748; x_wconf 88' lang='lat' dir='ltr'>aulerre</span> <span class='ocrx_word' id='word_1_209' title='bbox 1014 1691 1041 1747; x_wconf 87' lang='lat' dir='ltr'>ei</span> <span class='ocrx_word' id='word_1_210' title='bbox 1094 1696 1260 1770; x_wconf 85' lang='lat' dir='ltr'>imperatore</span> <span class='ocrx_word' id='word_1_211' title='bbox 1272 1710 1350 1749; x_wconf 87' lang='lat' dir='ltr'>suam</span> <span class='ocrx_word' id='word_1_212' title='bbox 1364 1695 1519 1767; x_wconf 82' lang='lat' dir='ltr'>imaginem,</span> <span class='ocrx_word' id='word_1_213' title='bbox 1534 1692 1676 1747; x_wconf 76' lang='lat' dir='ltr'>locandam</span> <span class='ocrx_word' id='word_1_214' title='bbox 1692 1689 1788 1745; x_wconf 89' lang='lat' dir='ltr'>media</span> <span class='ocrx_word' id='word_1_215' title='bbox 1809 1688 1835 1742; x_wconf 91' lang='lat' dir='ltr'>iu</span> <span class='ocrx_word' id='word_1_216' title='bbox 1854 1702 1891 1741; x_wconf 83' lang='lat' dir='ltr'>ert</span> 
     </span>
     <span class='ocr_line' id='line_1_17' title="bbox 244 1780 1890 1859; baseline -0.01 -8"><span class='ocrx_word' id='word_1_217' title='bbox 244 1794 299 1836; x_wconf 84' lang='grc'><strong>11011</strong></span> <span class='ocrx_word' id='word_1_218' title='bbox 315 1789 429 1850; x_wconf 71' lang='grc'><strong>11011111·</strong></span> <span class='ocrx_word' id='word_1_219' title='bbox 1057 1789 1153 1855; x_wconf 83' lang='grc' dir='ltr'>Βιίι;</span> <span class='ocrx_word' id='word_1_220' title='bbox 1178 1793 1208 1843; x_wconf 90' lang='grc' dir='ltr'>ιιι</span> <span class='ocrx_word' id='word_1_221' title='bbox 1228 1788 1378 1859; x_wconf 90' lang='lat' dir='ltr'>perieulum</span> <span class='ocrx_word' id='word_1_222' title='bbox 1397 1786 1500 1843; x_wconf 83' lang='lat' dir='ltr'>iaceret</span> <span class='ocrx_word' id='word_1_223' title='bbox 1512 1801 1567 1858; x_wconf 91' lang='lat' dir='ltr'>quo</span> <span class='ocrx_word' id='word_1_224' title='bbox 1588 1785 1711 1841; x_wconf 86' lang='lat' dir='ltr'>attintoa</span> <span class='ocrx_word' id='word_1_225' title='bbox 1726 1791 1827 1839; x_wconf 90' lang='lat' dir='ltr'>senatu</span> <span class='ocrx_word' id='word_1_226' title='bbox 1845 1780 1890 1835; x_wconf 83' lang='lat' dir='ltr'>liu·</span> 
     </span>
     <span class='ocr_line' id='line_1_18' title="bbox 279 1872 1891 1952; baseline -0.001 -23"><span class='ocrx_word' id='word_1_227' title='bbox 279 1872 345 1929; x_wconf 91' lang='lat' dir='ltr'>Post</span> <span class='ocrx_word' id='word_1_228' title='bbox 359 1873 417 1929; x_wconf 81' lang='lat' dir='ltr'>ltaee</span> <span class='ocrx_word' id='word_1_229' title='bbox 431 1888 495 1930; x_wconf 85' lang='lat' dir='ltr'>vero</span> <span class='ocrx_word' id='word_1_230' title='bbox 505 1888 566 1929; x_wconf 86' lang='lat' dir='ltr'>caut</span> <span class='ocrx_word' id='word_1_231' title='bbox 578 1873 727 1931; x_wconf 89' lang='lat' dir='ltr'>Maxentius</span> <span class='ocrx_word' id='word_1_232' title='bbox 736 1876 771 1932; x_wconf 85' lang='lat' dir='ltr'>ub</span> <span class='ocrx_word' id='word_1_233' title='bbox 781 1875 902 1932; x_wconf 88' lang='lat' dir='ltr'>exercitu</span> <span class='ocrx_word' id='word_1_234' title='bbox 913 1874 1047 1933; x_wconf 84' lang='lat' dir='ltr'>salutatus</span> <span class='ocrx_word' id='word_1_235' title='bbox 1098 1897 1179 1937; x_wconf 82' lang='lat' dir='ltr'>matio</span> <span class='ocrx_word' id='word_1_236' title='bbox 1198 1880 1374 1952; x_wconf 73' lang='lat' dir='ltr'>reciperetur.</span> <span class='ocrx_word' id='word_1_237' title='bbox 1397 1881 1486 1951; x_wconf 75' lang='lat' dir='ltr'>Atque</span> <span class='ocrx_word' id='word_1_238' title='bbox 1500 1879 1563 1935; x_wconf 92' lang='lat' dir='ltr'>inde</span> <span class='ocrx_word' id='word_1_239' title='bbox 1581 1876 1709 1933; x_wconf 87' lang='lat' dir='ltr'>nonnulii</span> <span class='ocrx_word' id='word_1_240' title='bbox 1727 1873 1891 1945; x_wconf 89' lang='lat' dir='ltr'>repetendam</span> 
     </span>
     <span class='ocr_line' id='line_1_19' title="bbox 244 1965 1891 2045; baseline -0.002 -20"><span class='ocrx_word' id='word_1_241' title='bbox 244 1967 339 2025; x_wconf 78' lang='lat' dir='ltr'>luisset</span> <span class='ocrx_word' id='word_1_242' title='bbox 352 1968 510 2039; x_wconf 89' lang='lat' dir='ltr'>imperatur,</span> <span class='ocrx_word' id='word_1_243' title='bbox 533 1976 587 2025; x_wconf 91' lang='lat' dir='ltr'>tam</span> <span class='ocrx_word' id='word_1_244' title='bbox 608 1969 742 2038; x_wconf 87' lang='lat' dir='ltr'>Galerius,</span> <span class='ocrx_word' id='word_1_245' title='bbox 758 1970 797 2025; x_wconf 90' lang='lat' dir='ltr'>uti</span> <span class='ocrx_word' id='word_1_246' title='bbox 814 1970 912 2026; x_wconf 88' lang='lat' dir='ltr'>ibidem</span> <span class='ocrx_word' id='word_1_247' title='bbox 928 1969 1046 2027; x_wconf 88' lang='lat' dir='ltr'>Ceeilius</span> <span class='ocrx_word' id='word_1_248' title='bbox 1098 1984 1193 2045; x_wconf 91' lang='lat' dir='ltr'>putant</span> <span class='ocrx_word' id='word_1_249' title='bbox 1208 1973 1339 2043; x_wconf 75' lang='lat' dir='ltr'>originem</span> <span class='ocrx_word' id='word_1_250' title='bbox 1354 1972 1436 2042; x_wconf 84' lang='lat' dir='ltr'>ltujus</span> <span class='ocrx_word' id='word_1_251' title='bbox 1446 1970 1541 2038; x_wconf 88' lang='lat' dir='ltr'>moris,</span> <span class='ocrx_word' id='word_1_252' title='bbox 1551 1978 1709 2041; x_wconf 83' lang='lat' dir='ltr'>quopostea</span> <span class='ocrx_word' id='word_1_253' title='bbox 1720 1983 1811 2023; x_wconf 83' lang='lat' dir='ltr'>novus</span> <span class='ocrx_word' id='word_1_254' title='bbox 1819 1965 1891 2036; x_wconf 87' lang='lat' dir='ltr'>impe·</span> 
     </span>
     <span class='ocr_line' id='line_1_20' title="bbox 244 2058 1893 2137; baseline -0.002 -17"><span class='ocrx_word' id='word_1_255' title='bbox 244 2061 329 2120; x_wconf 80' lang='lat' dir='ltr'>refert</span> <span class='ocrx_word' id='word_1_256' title='bbox 344 2063 413 2136; x_wconf 82' lang='lat' dir='ltr'>(cup.</span> <span class='ocrx_word' id='word_1_257' title='bbox 423 2062 487 2135; x_wconf 70' lang='lat'>32),</span> <span class='ocrx_word' id='word_1_258' title='bbox 503 2064 633 2119; x_wconf 75' lang='lat' dir='ltr'>uuitoaoa</span> <span class='ocrx_word' id='word_1_259' title='bbox 655 2076 764 2137; x_wconf 87' lang='lat' dir='ltr'>quotuor</span> <span class='ocrx_word' id='word_1_260' title='bbox 788 2064 954 2137; x_wconf 83' lang='lat' dir='ltr'>iutperoteret</span> <span class='ocrx_word' id='word_1_261' title='bbox 973 2063 1047 2135; x_wconf 82' lang='lat' dir='ltr'>jubet</span> <span class='ocrx_word' id='word_1_262' title='bbox 1098 2078 1173 2122; x_wconf 89' lang='lat' dir='ltr'>rator</span> <span class='ocrx_word' id='word_1_263' title='bbox 1184 2081 1259 2121; x_wconf 90' lang='lat' dir='ltr'>suam</span> <span class='ocrx_word' id='word_1_264' title='bbox 1275 2064 1417 2137; x_wconf 86' lang='lat' dir='ltr'>imaginem</span> <span class='ocrx_word' id='word_1_265' title='bbox 1431 2066 1492 2121; x_wconf 90' lang='lat' dir='ltr'>aliis</span> <span class='ocrx_word' id='word_1_266' title='bbox 1509 2066 1617 2119; x_wconf 89' lang='lat' dir='ltr'>mittere</span> <span class='ocrx_word' id='word_1_267' title='bbox 1634 2063 1793 2120; x_wconf 85' lang='lat' dir='ltr'>cousuevit.</span> <span class='ocrx_word' id='word_1_268' title='bbox 1809 2058 1893 2117; x_wconf 65' lang='lat' dir='ltr'>&amp;aas</span> 
     </span>
     <span class='ocr_line' id='line_1_21' title="bbox 245 2153 1781 2229; baseline -0.001 -19"><span class='ocrx_word' id='word_1_269' title='bbox 245 2153 552 2221; x_wconf 76' lang='lat' dir='ltr'>uumoeri,ltauddttbie</span> <span class='ocrx_word' id='word_1_270' title='bbox 561 2164 693 2226; x_wconf 80' lang='lat' dir='ltr'>pruterse</span> <span class='ocrx_word' id='word_1_271' title='bbox 703 2156 1048 2227; x_wconf 88' lang='lat' dir='ltr'>ipsum,qttiotnuiumerat</span> <span class='ocrx_word' id='word_1_272' title='bbox 1098 2159 1146 2215; x_wconf 92' lang='lat' dir='ltr'>illo</span> <span class='ocrx_word' id='word_1_273' title='bbox 1158 2174 1234 2215; x_wconf 90' lang='lat' dir='ltr'>mure</span> <span class='ocrx_word' id='word_1_274' title='bbox 1247 2158 1323 2229; x_wconf 89' lang='lat' dir='ltr'>plura</span> <span class='ocrx_word' id='word_1_275' title='bbox 1334 2156 1463 2227; x_wconf 81' lang='lat' dir='ltr'>cangius,</span> <span class='ocrx_word' id='word_1_276' title='bbox 1477 2171 1581 2229; x_wconf 75' lang='lat' dir='ltr'>usuque</span> <span class='ocrx_word' id='word_1_277' title='bbox 1592 2155 1682 2212; x_wconf 85' lang='lat' dir='ltr'>adbuc</span> <span class='ocrx_word' id='word_1_278' title='bbox 1695 2154 1781 2212; x_wconf 83' lang='lat' dir='ltr'>inira.</span> 
     </span>
     <span class='ocr_line' id='line_1_22' title="bbox 245 2244 1893 2325; baseline 0.001 -23"><span class='ocrx_word' id='word_1_279' title='bbox 245 2246 362 2317; x_wconf 88' lang='lat' dir='ltr'>primus.</span> <span class='ocrx_word' id='word_1_280' title='bbox 375 2246 419 2302; x_wconf 88' lang='lat' dir='ltr'>Sic</span> <span class='ocrx_word' id='word_1_281' title='bbox 432 2246 523 2315; x_wconf 90' lang='lat' dir='ltr'>itaque</span> <span class='ocrx_word' id='word_1_282' title='bbox 535 2244 658 2303; x_wconf 85' lang='lat' dir='ltr'>Galerius</span> <span class='ocrx_word' id='word_1_283' title='bbox 666 2246 1050 2316; x_wconf 88' lang='lat' dir='ltr'>Mattetttittm,sicutietMaxi-</span> <span class='ocrx_word' id='word_1_284' title='bbox 1134 2252 1213 2309; x_wconf 87' lang='lat' dir='ltr'>Motis</span> <span class='ocrx_word' id='word_1_285' title='bbox 1234 2267 1316 2325; x_wconf 92' lang='lat' dir='ltr'>porro</span> <span class='ocrx_word' id='word_1_286' title='bbox 1335 2253 1418 2307; x_wconf 85' lang='lat' dir='ltr'>armis</span> <span class='ocrx_word' id='word_1_287' title='bbox 1439 2250 1575 2316; x_wconf 85' lang='lat' dir='ltr'>civilibus,</span> <span class='ocrx_word' id='word_1_288' title='bbox 1595 2248 1795 2306; x_wconf 74' lang='lat' dir='ltr'>sottslatttinus</span> <span class='ocrx_word' id='word_1_289' title='bbox 1813 2253 1893 2300; x_wconf 80' lang='lat' dir='ltr'>contra</span> 
     </span>
     <span class='ocr_line' id='line_1_23' title="bbox 246 2337 1893 2418; baseline 0 -23"><span class='ocrx_word' id='word_1_290' title='bbox 246 2337 361 2407; x_wconf 89' lang='lat' dir='ltr'>minum,</span> <span class='ocrx_word' id='word_1_291' title='bbox 375 2337 430 2409; x_wconf 81' lang='lat' dir='ltr'>jam</span> <span class='ocrx_word' id='word_1_292' title='bbox 454 2349 622 2409; x_wconf 82' lang='lat' dir='ltr'>utttteuputos</span> <span class='ocrx_word' id='word_1_293' title='bbox 645 2338 680 2395; x_wconf 93' lang='lat' dir='ltr'>ab</span> <span class='ocrx_word' id='word_1_294' title='bbox 704 2339 833 2397; x_wconf 84' lang='lat' dir='ltr'>militibus</span> <span class='ocrx_word' id='word_1_295' title='bbox 859 2342 1048 2410; x_wconf 81' lang='lat' dir='ltr'>impet-atores,</span> <span class='ocrx_word' id='word_1_296' title='bbox 1099 2346 1261 2403; x_wconf 86' lang='lat' dir='ltr'>Maxentium</span> <span class='ocrx_word' id='word_1_297' title='bbox 1277 2353 1557 2418; x_wconf 82' lang='lat' dir='ltr'>pugttatums,eastra</span> <span class='ocrx_word' id='word_1_298' title='bbox 1576 2343 1668 2398; x_wconf 85' lang='lat' dir='ltr'>suain</span> <span class='ocrx_word' id='word_1_299' title='bbox 1690 2342 1800 2411; x_wconf 88' lang='lat' dir='ltr'>eampis</span> <span class='ocrx_word' id='word_1_300' title='bbox 1812 2338 1893 2393; x_wconf 79' lang='lat' dir='ltr'>anne</span> 
     </span>
     <span class='ocr_line' id='line_1_24' title="bbox 246 2429 1892 2509; baseline 0 -24"><span class='ocrx_word' id='word_1_301' title='bbox 246 2429 424 2501; x_wconf 88' lang='lat' dir='ltr'>ipsequoque</span> <span class='ocrx_word' id='word_1_302' title='bbox 438 2429 613 2497; x_wconf 90' lang='lat' dir='ltr'>renuntiavit,</span> <span class='ocrx_word' id='word_1_303' title='bbox 632 2446 679 2486; x_wconf 89' lang='lat' dir='ltr'>seu</span> <span class='ocrx_word' id='word_1_304' title='bbox 695 2446 788 2487; x_wconf 87' lang='lat' dir='ltr'>eorum</span> <span class='ocrx_word' id='word_1_305' title='bbox 803 2434 927 2505; x_wconf 78' lang='lat' dir='ltr'>probavit</span> <span class='ocrx_word' id='word_1_306' title='bbox 939 2434 1051 2491; x_wconf 89' lang='lat' dir='ltr'>eiectio·</span> <span class='ocrx_word' id='word_1_307' title='bbox 1100 2438 1196 2495; x_wconf 90' lang='lat' dir='ltr'>vicinis</span> <span class='ocrx_word' id='word_1_308' title='bbox 1215 2448 1352 2509; x_wconf 64' lang='lat' dir='ltr'>maeret.</span> <span class='ocrx_word' id='word_1_309' title='bbox 1369 2436 1454 2507; x_wconf 78' lang='lat' dir='ltr'>Maior</span> <span class='ocrx_word' id='word_1_310' title='bbox 1465 2447 1554 2493; x_wconf 90' lang='lat' dir='ltr'>autem</span> <span class='ocrx_word' id='word_1_311' title='bbox 1576 2444 1646 2499; x_wconf 85' lang='lat' dir='ltr'>erat,</span> <span class='ocrx_word' id='word_1_312' title='bbox 1669 2433 1762 2505; x_wconf 89' lang='lat' dir='ltr'>iuquit</span> <span class='ocrx_word' id='word_1_313' title='bbox 1780 2432 1892 2493; x_wconf 77' lang='lat' dir='ltr'>aedae,</span> 
     </span>
     <span class='ocr_line' id='line_1_25' title="bbox 247 2521 1894 2603; baseline -0.001 -24"><span class='ocrx_word' id='word_1_314' title='bbox 247 2538 321 2579; x_wconf 86' lang='lat' dir='ltr'>uem.</span> <span class='ocrx_word' id='word_1_315' title='bbox 344 2523 415 2579; x_wconf 84' lang='lat' dir='ltr'>Miltil</span> <span class='ocrx_word' id='word_1_316' title='bbox 440 2540 505 2597; x_wconf 89' lang='lat' dir='ltr'>ergo</span> <span class='ocrx_word' id='word_1_317' title='bbox 526 2527 622 2581; x_wconf 87' lang='lat' dir='ltr'>mirum</span> <span class='ocrx_word' id='word_1_318' title='bbox 645 2526 690 2582; x_wconf 92' lang='lat' dir='ltr'>ulii</span> <span class='ocrx_word' id='word_1_319' title='bbox 714 2542 775 2583; x_wconf 90' lang='lat' dir='ltr'>esse</span> <span class='ocrx_word' id='word_1_320' title='bbox 797 2527 888 2597; x_wconf 88' lang='lat' dir='ltr'>debet,</span> <span class='ocrx_word' id='word_1_321' title='bbox 909 2528 932 2585; x_wconf 91' lang='lat' dir='ltr'>si</span> <span class='ocrx_word' id='word_1_322' title='bbox 955 2536 1050 2585; x_wconf 90' lang='lat' dir='ltr'>auctor</span> <span class='ocrx_word' id='word_1_323' title='bbox 1100 2530 1228 2588; x_wconf 88' lang='lat' dir='ltr'>Maxentii</span> <span class='ocrx_word' id='word_1_324' title='bbox 1248 2545 1330 2603; x_wconf 86' lang='lat' dir='ltr'>quatu</span> <span class='ocrx_word' id='word_1_325' title='bbox 1351 2527 1522 2586; x_wconf 75' lang='lat' dir='ltr'>Constantini</span> <span class='ocrx_word' id='word_1_326' title='bbox 1540 2528 1627 2598; x_wconf 84' lang='lat' dir='ltr'>Magtti</span> <span class='ocrx_word' id='word_1_327' title='bbox 1653 2526 1806 2583; x_wconf 87' lang='lat' dir='ltr'>exercitus.</span> <span class='ocrx_word' id='word_1_328' title='bbox 1828 2521 1894 2579; x_wconf 83' lang='lat' dir='ltr'>litii</span> 
     </span>
     <span class='ocr_line' id='line_1_26' title="bbox 246 2617 1894 2698; baseline -0.001 -24"><span class='ocrx_word' id='word_1_329' title='bbox 246 2628 341 2675; x_wconf 89' lang='lat' dir='ltr'>uester</span> <span class='ocrx_word' id='word_1_330' title='bbox 353 2618 482 2689; x_wconf 90' lang='lat' dir='ltr'>scriptum</span> <span class='ocrx_word' id='word_1_331' title='bbox 507 2617 644 2691; x_wconf 82' lang='lat' dir='ltr'>reliquerit</span> <span class='ocrx_word' id='word_1_332' title='bbox 660 2619 750 2690; x_wconf 91' lang='lat' dir='ltr'>plures</span> <span class='ocrx_word' id='word_1_333' title='bbox 763 2635 816 2675; x_wconf 90' lang='lat' dir='ltr'>noo</span> <span class='ocrx_word' id='word_1_334' title='bbox 832 2619 929 2689; x_wconf 89' lang='lat' dir='ltr'>semel,</span> <span class='ocrx_word' id='word_1_335' title='bbox 945 2620 993 2677; x_wconf 86' lang='lat' dir='ltr'>sed</span> <span class='ocrx_word' id='word_1_336' title='bbox 1008 2620 1050 2677; x_wconf 91' lang='lat' dir='ltr'>bis</span> <span class='ocrx_word' id='word_1_337' title='bbox 1100 2625 1212 2698; x_wconf 89' lang='lat' dir='ltr'>quidem</span> <span class='ocrx_word' id='word_1_338' title='bbox 1231 2625 1266 2681; x_wconf 90' lang='lat' dir='ltr'>ab</span> <span class='ocrx_word' id='word_1_339' title='bbox 1283 2635 1394 2681; x_wconf 87' lang='lat' dir='ltr'>auctore</span> <span class='ocrx_word' id='word_1_340' title='bbox 1407 2624 1572 2696; x_wconf 71' lang='lat' dir='ltr'>panegyrici,</span> <span class='ocrx_word' id='word_1_341' title='bbox 1594 2623 1622 2677; x_wconf 93' lang='lat' dir='ltr'>iu</span> <span class='ocrx_word' id='word_1_342' title='bbox 1636 2620 1764 2691; x_wconf 78' lang='lat' dir='ltr'>ejusdem</span> <span class='ocrx_word' id='word_1_343' title='bbox 1776 2617 1894 2675; x_wconf 73' lang='lat' dir='ltr'>Cossus</span> 
     </span>
     <span class='ocr_line' id='line_1_27' title="bbox 246 2709 1893 2789; baseline -0.001 -23"><span class='ocrx_word' id='word_1_344' title='bbox 246 2723 343 2784; x_wconf 85' lang='lat' dir='ltr'>terque</span> <span class='ocrx_word' id='word_1_345' title='bbox 355 2710 440 2768; x_wconf 85' lang='lat' dir='ltr'>iactus</span> <span class='ocrx_word' id='word_1_346' title='bbox 454 2710 536 2768; x_wconf 83' lang='lat' dir='ltr'>luisse</span> <span class='ocrx_word' id='word_1_347' title='bbox 547 2715 733 2783; x_wconf 87' lang='lat' dir='ltr'>imperatores.</span> <span class='ocrx_word' id='word_1_348' title='bbox 1102 2719 1152 2774; x_wconf 92' lang='lat' dir='ltr'>tini</span> <span class='ocrx_word' id='word_1_349' title='bbox 1165 2718 1273 2775; x_wconf 79' lang='lat' dir='ltr'>laudent</span> <span class='ocrx_word' id='word_1_350' title='bbox 1289 2718 1419 2789; x_wconf 83' lang='lat' dir='ltr'>perorari,</span> <span class='ocrx_word' id='word_1_351' title='bbox 1432 2717 1620 2773; x_wconf 75' lang='lat' dir='ltr'>confirmatur.</span> <span class='ocrx_word' id='word_1_352' title='bbox 1637 2715 1770 2771; x_wconf 79' lang='lat' dir='ltr'>zozimas</span> <span class='ocrx_word' id='word_1_353' title='bbox 1786 2709 1893 2769; x_wconf 79' lang='lat' dir='ltr'>veredi</span> 
     </span>
     <span class='ocr_line' id='line_1_28' title="bbox 550 2804 1894 2882; baseline -0.002 -22"><span class='ocrx_word' id='word_1_354' title='bbox 550 2820 699 2861; x_wconf 80' lang='lat' dir='ltr'>tartessus</span> <span class='ocrx_word' id='word_1_355' title='bbox 718 2819 747 2861; x_wconf 93' lang='grc' dir='ltr'>ιι.</span> <span class='ocrx_word' id='word_1_356' title='bbox 1102 2821 1175 2869; x_wconf 89' lang='lat' dir='ltr'>serte</span> <span class='ocrx_word' id='word_1_357' title='bbox 1187 2810 1285 2867; x_wconf 84' lang='lat' dir='ltr'>asserit</span> <span class='ocrx_word' id='word_1_358' title='bbox 1306 2810 1424 2882; x_wconf 79' lang='lat' dir='ltr'>(Zosim.</span> <span class='ocrx_word' id='word_1_359' title='bbox 1449 2809 1495 2865; x_wconf 84' lang='lat' dir='ltr'>tu.</span> <span class='ocrx_word' id='word_1_360' title='bbox 1510 2824 1529 2865; x_wconf 95' lang='lat' dir='ltr'>tt</span> <span class='ocrx_word' id='word_1_361' title='bbox 1543 2807 1649 2877; x_wconf 80' lang='lat' dir='ltr'>tristor.)</span> <span class='ocrx_word' id='word_1_362' title='bbox 1663 2806 1745 2877; x_wconf 83' lang='lat' dir='ltr'>itujtts</span> <span class='ocrx_word' id='word_1_363' title='bbox 1760 2804 1894 2863; x_wconf 82' lang='lat' dir='ltr'>exercitur</span> 
     </span>
     <span class='ocr_line' id='line_1_29' title="bbox 248 2895 1892 2975; baseline -0.001 -23"><span class='ocrx_word' id='word_1_364' title='bbox 248 2895 289 2952; x_wconf 78' lang='lat' dir='ltr'>Aa</span> <span class='ocrx_word' id='word_1_365' title='bbox 300 2906 323 2952; x_wconf 91' lang='lat' dir='ltr'>et</span> <span class='ocrx_word' id='word_1_366' title='bbox 335 2912 380 2952; x_wconf 85' lang='lat' dir='ltr'>eur</span> <span class='ocrx_word' id='word_1_367' title='bbox 394 2896 549 2967; x_wconf 80' lang='lat' dir='ltr'>Maxentius,</span> <span class='ocrx_word' id='word_1_368' title='bbox 565 2899 668 2953; x_wconf 82' lang='lat' dir='ltr'>structis</span> <span class='ocrx_word' id='word_1_369' title='bbox 681 2896 728 2952; x_wconf 81' lang='lat' dir='ltr'>sibi</span> <span class='ocrx_word' id='word_1_370' title='bbox 742 2914 758 2951; x_wconf 88' lang='lat' dir='ltr'>u</span> <span class='ocrx_word' id='word_1_371' title='bbox 772 2908 845 2969; x_wconf 84' lang='lat' dir='ltr'>putre</span> <span class='ocrx_word' id='word_1_372' title='bbox 865 2914 911 2953; x_wconf 87' lang='lat' dir='ltr'>tuo</span> <span class='ocrx_word' id='word_1_373' title='bbox 927 2896 1051 2953; x_wconf 85' lang='lat' dir='ltr'>Mercuiio</span> <span class='ocrx_word' id='word_1_374' title='bbox 1103 2904 1247 2975; x_wconf 72' lang='lat' dir='ltr'>nonaginta</span> <span class='ocrx_word' id='word_1_375' title='bbox 1258 2902 1377 2958; x_wconf 86' lang='lat' dir='ltr'>millibus</span> <span class='ocrx_word' id='word_1_376' title='bbox 1392 2901 1512 2972; x_wconf 87' lang='lat' dir='ltr'>peditum</span> <span class='ocrx_word' id='word_1_377' title='bbox 1524 2910 1553 2956; x_wconf 87' lang='lat' dir='ltr'>et</span> <span class='ocrx_word' id='word_1_378' title='bbox 1565 2900 1686 2970; x_wconf 89' lang='lat' dir='ltr'>equitum</span> <span class='ocrx_word' id='word_1_379' title='bbox 1698 2909 1765 2956; x_wconf 85' lang='lat' dir='ltr'>octo</span> <span class='ocrx_word' id='word_1_380' title='bbox 1775 2896 1892 2962; x_wconf 87' lang='lat' dir='ltr'>millibus,</span> 
     </span>
     <span class='ocr_line' id='line_1_30' title="bbox 286 2988 1894 3063; baseline 0.001 -19"><span class='ocrx_word' id='word_1_381' title='bbox 286 2989 387 3045; x_wconf 80' lang='lat' dir='ltr'>insidiis</span> <span class='ocrx_word' id='word_1_382' title='bbox 408 2988 538 3055; x_wconf 80' lang='lat' dir='ltr'>liberatus,</span> <span class='ocrx_word' id='word_1_383' title='bbox 562 2988 657 3045; x_wconf 85' lang='lat' dir='ltr'>bciittut</span> <span class='ocrx_word' id='word_1_384' title='bbox 678 2988 845 3047; x_wconf 84' lang='lat' dir='ltr'>Constantino</span> <span class='ocrx_word' id='word_1_385' title='bbox 866 2991 999 3058; x_wconf 76' lang='lat' dir='ltr'>indixerit,</span> <span class='ocrx_word' id='word_1_386' title='bbox 1020 2992 1053 3047; x_wconf 87' lang='lat' dir='ltr'>de</span> <span class='ocrx_word' id='word_1_387' title='bbox 1103 2994 1232 3051; x_wconf 88' lang='lat' dir='ltr'>Maxentii</span> <span class='ocrx_word' id='word_1_388' title='bbox 1245 3010 1309 3051; x_wconf 83' lang='lat' dir='ltr'>vero</span> <span class='ocrx_word' id='word_1_389' title='bbox 1330 3003 1486 3053; x_wconf 79' lang='lat' dir='ltr'>contumel</span> <span class='ocrx_word' id='word_1_390' title='bbox 1508 2992 1677 3063; x_wconf 76' lang='lat' dir='ltr'>septuaginta</span> <span class='ocrx_word' id='word_1_391' title='bbox 1694 2990 1818 3063; x_wconf 85' lang='lat' dir='ltr'>peditum</span> <span class='ocrx_word' id='word_1_392' title='bbox 1830 2989 1894 3044; x_wconf 84' lang='lat' dir='ltr'>mitii-</span> 
     </span>
     <span class='ocr_line' id='line_1_31' title="bbox 285 3080 1894 3159; baseline -0.004 -21"><span class='ocrx_word' id='word_1_393' title='bbox 285 3083 357 3138; x_wconf 81' lang='lat' dir='ltr'>iliius</span> <span class='ocrx_word' id='word_1_394' title='bbox 367 3099 425 3137; x_wconf 88' lang='lat' dir='ltr'>cum</span> <span class='ocrx_word' id='word_1_395' title='bbox 434 3080 576 3137; x_wconf 81' lang='lat' dir='ltr'>Mueituiuo</span> <span class='ocrx_word' id='word_1_396' title='bbox 582 3084 726 3155; x_wconf 68' lang='lat' dir='ltr'>foedereris</span> <span class='ocrx_word' id='word_1_397' title='bbox 735 3084 848 3139; x_wconf 80' lang='lat' dir='ltr'>utusimu</span> <span class='ocrx_word' id='word_1_398' title='bbox 860 3084 984 3139; x_wconf 70' lang='lat' dir='ltr'>exereitus</span> <span class='ocrx_word' id='word_1_399' title='bbox 997 3084 1052 3155; x_wconf 75' lang='lat' dir='ltr'>ejus</span> <span class='ocrx_word' id='word_1_400' title='bbox 1103 3090 1154 3146; x_wconf 82' lang='lat' dir='ltr'>bns</span> <span class='ocrx_word' id='word_1_401' title='bbox 1178 3099 1206 3145; x_wconf 80' lang='lat' dir='ltr'>et</span> <span class='ocrx_word' id='word_1_402' title='bbox 1223 3089 1318 3145; x_wconf 82' lang='lat' dir='ltr'>decem</span> <span class='ocrx_word' id='word_1_403' title='bbox 1336 3099 1416 3159; x_wconf 77' lang='lat' dir='ltr'>arque</span> <span class='ocrx_word' id='word_1_404' title='bbox 1435 3098 1497 3143; x_wconf 77' lang='lat' dir='ltr'>ueto</span> <span class='ocrx_word' id='word_1_405' title='bbox 1518 3086 1637 3142; x_wconf 80' lang='lat' dir='ltr'>millibus</span> <span class='ocrx_word' id='word_1_406' title='bbox 1664 3086 1789 3157; x_wconf 80' lang='lat' dir='ltr'>equitnm</span> <span class='ocrx_word' id='word_1_407' title='bbox 1807 3080 1894 3139; x_wconf 76' lang='lat' dir='ltr'>comd-</span> 
     </span>
     <span class='ocr_line' id='line_1_32' title="bbox 248 3173 1892 3252; baseline -0.002 -23"><span class='ocrx_word' id='word_1_408' title='bbox 248 3177 261 3245; x_wconf 80' lang='lat'>[</span> <span class='ocrx_word' id='word_1_409' title='bbox 286 3175 458 3242; x_wconf 83' lang='lat' dir='ltr'>multitudiue,</span> <span class='ocrx_word' id='word_1_410' title='bbox 472 3175 590 3244; x_wconf 80' lang='lat' dir='ltr'>illiusque</span> <span class='ocrx_word' id='word_1_411' title='bbox 602 3177 791 3248; x_wconf 73' lang='lat' dir='ltr'>reputatione,</span> <span class='ocrx_word' id='word_1_412' title='bbox 805 3191 837 3230; x_wconf 89' lang='lat' dir='ltr'>uc</span> <span class='ocrx_word' id='word_1_413' title='bbox 863 3177 946 3248; x_wconf 88' lang='lat' dir='ltr'>primu</span> <span class='ocrx_word' id='word_1_414' title='bbox 960 3177 1090 3247; x_wconf 73' lang='lat' dir='ltr'>udum-(2</span> <span class='ocrx_word' id='word_1_415' title='bbox 1106 3184 1183 3241; x_wconf 68' lang='lat' dir='ltr'>risse.</span> <span class='ocrx_word' id='word_1_416' title='bbox 1197 3182 1310 3238; x_wconf 67' lang='lat' dir='ltr'>lerenius</span> <span class='ocrx_word' id='word_1_417' title='bbox 1325 3181 1457 3238; x_wconf 66' lang='lat' dir='ltr'>Eusebius</span> <span class='ocrx_word' id='word_1_418' title='bbox 1468 3179 1478 3252; x_wconf 86' lang='lat'>(</span> <span class='ocrx_word' id='word_1_419' title='bbox 1489 3179 1582 3234; x_wconf 72' lang='lat' dir='ltr'>lineet.</span> <span class='ocrx_word' id='word_1_420' title='bbox 1598 3177 1644 3232; x_wconf 84' lang='lat' dir='ltr'>tib.</span> <span class='ocrx_word' id='word_1_421' title='bbox 1658 3193 1686 3232; x_wconf 89' lang='lat' dir='ltr'>tx</span> <span class='ocrx_word' id='word_1_422' title='bbox 1700 3178 1797 3232; x_wconf 74' lang='lat' dir='ltr'>uiuos.</span> <span class='ocrx_word' id='word_1_423' title='bbox 1809 3173 1892 3229; x_wconf 73' lang='lat' dir='ltr'>Eccita</span> 
     </span>
     <span class='ocr_line' id='line_1_33' title="bbox 285 3269 1894 3349; baseline -0.003 -21"><span class='ocrx_word' id='word_1_424' title='bbox 285 3286 329 3327; x_wconf 84' lang='lat' dir='ltr'>tut</span> <span class='ocrx_word' id='word_1_425' title='bbox 342 3269 535 3325; x_wconf 75' lang='lat' dir='ltr'>Constantinum</span> <span class='ocrx_word' id='word_1_426' title='bbox 549 3272 649 3344; x_wconf 83' lang='lat' dir='ltr'>prelio.</span> <span class='ocrx_word' id='word_1_427' title='bbox 1105 3294 1164 3349; x_wconf 82' lang='lat' dir='ltr'>cup.</span> <span class='ocrx_word' id='word_1_428' title='bbox 1180 3278 1208 3344; x_wconf 83' lang='lat' dir='ltr'>a,</span> <span class='ocrx_word' id='word_1_429' title='bbox 1225 3287 1249 3333; x_wconf 86' lang='lat' dir='ltr'>et</span> <span class='ocrx_word' id='word_1_430' title='bbox 1262 3276 1328 3332; x_wconf 75' lang='lat' dir='ltr'>libr</span> <span class='ocrx_word' id='word_1_431' title='bbox 1350 3276 1381 3332; x_wconf 87' lang='lat' dir='ltr'>de</span> <span class='ocrx_word' id='word_1_432' title='bbox 1404 3274 1464 3330; x_wconf 82' lang='lat' dir='ltr'>Vite</span> <span class='ocrx_word' id='word_1_433' title='bbox 1483 3273 1617 3331; x_wconf 73' lang='grc' dir='ltr'>Οιιιιιιιιιι.</span> <span class='ocrx_word' id='word_1_434' title='bbox 1642 3289 1701 3346; x_wconf 84' lang='lat' dir='ltr'>cup.</span> <span class='ocrx_word' id='word_1_435' title='bbox 1717 3271 1752 3326; x_wconf 75' lang='lat' dir='ltr'>et</span> <span class='ocrx_word' id='word_1_436' title='bbox 1772 3274 1847 3343; x_wconf 81' lang='lat' dir='ltr'>&gt;nee</span> <span class='ocrx_word' id='word_1_437' title='bbox 1862 3283 1894 3322; x_wconf 86' lang='lat' dir='ltr'>se·</span> 
     </span>
    </p>
   </div>
   <div class='ocr_carea' id='block_1_3' title="bbox 251 3363 1894 3906">
    <p class='ocr_par' dir='ltr' id='par_1_3' title="bbox 251 3363 1894 3906">
     <span class='ocr_line' id='line_1_34' title="bbox 288 3363 1891 3443; baseline -0.014 -5"><span class='ocrx_word' id='word_1_438' title='bbox 288 3363 551 3420; x_wconf 68' lang='grc'><strong>11111111111111111111</strong></span> <span class='ocrx_word' id='word_1_439' title='bbox 573 3364 688 3422; x_wconf 86' lang='lat' dir='ltr'>lecimus</span> <span class='ocrx_word' id='word_1_440' title='bbox 710 3375 812 3438; x_wconf 71' lang='grc'><strong>(11111111</strong></span> <span class='ocrx_word' id='word_1_441' title='bbox 828 3364 951 3438; x_wconf 62' lang='lat' dir='ltr'>perfidia.</span> <span class='ocrx_word' id='word_1_442' title='bbox 965 3380 1051 3438; x_wconf 88' lang='lat' dir='ltr'>quatt-</span> <span class='ocrx_word' id='word_1_443' title='bbox 1106 3372 1160 3428; x_wconf 90' lang='lat' dir='ltr'>utel</span> <span class='ocrx_word' id='word_1_444' title='bbox 1173 3373 1292 3443; x_wconf 84' lang='lat' dir='ltr'>scripsit,</span> <span class='ocrx_word' id='word_1_445' title='bbox 1305 3372 1376 3428; x_wconf 90' lang='lat' dir='ltr'>sieut</span> <span class='ocrx_word' id='word_1_446' title='bbox 1394 3379 1422 3426; x_wconf 92' lang='lat' dir='ltr'>et</span> <span class='ocrx_word' id='word_1_447' title='bbox 1437 3371 1557 3426; x_wconf 90' lang='lat' dir='ltr'>itteertus</span> <span class='ocrx_word' id='word_1_448' title='bbox 1571 3366 1725 3440; x_wconf 78' lang='lat' dir='ltr'>panegyrici</span> <span class='ocrx_word' id='word_1_449' title='bbox 1744 3375 1846 3429; x_wconf 85' lang='lat' dir='ltr'>auctor,</span> <span class='ocrx_word' id='word_1_450' title='bbox 1859 3363 1891 3418; x_wconf 90' lang='lat' dir='ltr'>in·</span> 
     </span>
     <span class='ocr_line' id='line_1_35' title="bbox 252 3456 1893 3528; baseline -0.003 -16"><span class='ocrx_word' id='word_1_451' title='bbox 252 3465 335 3528; x_wconf 84' lang='lat' dir='ltr'>toque</span> <span class='ocrx_word' id='word_1_452' title='bbox 346 3456 522 3526; x_wconf 82' lang='lat' dir='ltr'>ittgraiissitui</span> <span class='ocrx_word' id='word_1_453' title='bbox 541 3459 624 3514; x_wconf 85' lang='lat' dir='ltr'>attitui</span> <span class='ocrx_word' id='word_1_454' title='bbox 638 3460 703 3514; x_wconf 81' lang='lat' dir='ltr'>lilio</span> <span class='ocrx_word' id='word_1_455' title='bbox 717 3458 895 3515; x_wconf 76' lang='lat' dir='ltr'>Maximianus</span> <span class='ocrx_word' id='word_1_456' title='bbox 912 3457 1053 3514; x_wconf 80' lang='lat' dir='ltr'>Herculius</span> <span class='ocrx_word' id='word_1_457' title='bbox 1105 3465 1301 3522; x_wconf 75' lang='lat' dir='ltr'>nequet-altilem</span> <span class='ocrx_word' id='word_1_458' title='bbox 1316 3464 1401 3521; x_wconf 74' lang='lat' dir='ltr'>illisae</span> <span class='ocrx_word' id='word_1_459' title='bbox 1420 3465 1448 3520; x_wconf 81' lang='lat' dir='ltr'>in</span> <span class='ocrx_word' id='word_1_460' title='bbox 1461 3462 1586 3520; x_wconf 73' lang='lat' dir='ltr'>Maxentii</span> <span class='ocrx_word' id='word_1_461' title='bbox 1606 3461 1728 3520; x_wconf 74' lang='lat' dir='ltr'>exet-eim</span> <span class='ocrx_word' id='word_1_462' title='bbox 1743 3469 1893 3516; x_wconf 74' lang='lat' dir='ltr'>armatorum</span> 
     </span>
     <span class='ocr_line' id='line_1_36' title="bbox 252 3550 1317 3624; baseline 0.001 -19"><span class='ocrx_word' id='word_1_463' title='bbox 252 3551 387 3606; x_wconf 86' lang='lat' dir='ltr'>incassum</span> <span class='ocrx_word' id='word_1_464' title='bbox 404 3550 512 3606; x_wconf 91' lang='lat' dir='ltr'>molitus</span> <span class='ocrx_word' id='word_1_465' title='bbox 525 3551 559 3606; x_wconf 93' lang='lat' dir='ltr'>sit</span> <span class='ocrx_word' id='word_1_466' title='bbox 570 3550 731 3607; x_wconf 84' lang='lat' dir='ltr'>Maxentium</span> <span class='ocrx_word' id='word_1_467' title='bbox 745 3553 828 3608; x_wconf 90' lang='lat' dir='ltr'>illium</span> <span class='ocrx_word' id='word_1_468' title='bbox 840 3567 917 3607; x_wconf 92' lang='lat' dir='ltr'>suuttt</span> <span class='ocrx_word' id='word_1_469' title='bbox 936 3566 1053 3624; x_wconf 91' lang='lat' dir='ltr'>purpura</span> <span class='ocrx_word' id='word_1_470' title='bbox 1106 3556 1317 3614; x_wconf 79' lang='lat' dir='ltr'>multitudinem.</span> 
     </span>
     <span class='ocr_line' id='line_1_37' title="bbox 251 3640 1894 3722; baseline 0.001 -24"><span class='ocrx_word' id='word_1_471' title='bbox 251 3640 326 3713; x_wconf 87' lang='lat' dir='ltr'>vegia</span> <span class='ocrx_word' id='word_1_472' title='bbox 337 3655 446 3706; x_wconf 91' lang='lat' dir='ltr'>exuere,</span> <span class='ocrx_word' id='word_1_473' title='bbox 459 3657 510 3712; x_wconf 90' lang='lat' dir='ltr'>qua</span> <span class='ocrx_word' id='word_1_474' title='bbox 523 3652 610 3697; x_wconf 86' lang='lat' dir='ltr'>tauten</span> <span class='ocrx_word' id='word_1_475' title='bbox 622 3658 683 3698; x_wconf 88' lang='lat' dir='ltr'>eum</span> <span class='ocrx_word' id='word_1_476' title='bbox 698 3657 801 3708; x_wconf 88' lang='lat' dir='ltr'>rursus,</span> <span class='ocrx_word' id='word_1_477' title='bbox 816 3658 868 3698; x_wconf 89' lang='lat' dir='ltr'>nec</span> <span class='ocrx_word' id='word_1_478' title='bbox 878 3644 934 3714; x_wconf 84' lang='lat' dir='ltr'>y&#39;atn</span> <span class='ocrx_word' id='word_1_479' title='bbox 947 3659 962 3699; x_wconf 90' lang='lat' dir='ltr'>a</span> <span class='ocrx_word' id='word_1_480' title='bbox 975 3644 1054 3716; x_wconf 85' lang='lat' dir='ltr'>longo</span> <span class='ocrx_word' id='word_1_481' title='bbox 1141 3650 1178 3704; x_wconf 80' lang='lat' dir='ltr'>At</span> <span class='ocrx_word' id='word_1_482' title='bbox 1199 3648 1222 3704; x_wconf 91' lang='lat' dir='ltr'>is</span> <span class='ocrx_word' id='word_1_483' title='bbox 1240 3647 1364 3722; x_wconf 86' lang='lat' dir='ltr'>quamvis</span> <span class='ocrx_word' id='word_1_484' title='bbox 1379 3656 1455 3704; x_wconf 87' lang='lat' dir='ltr'>tauto</span> <span class='ocrx_word' id='word_1_485' title='bbox 1468 3647 1591 3718; x_wconf 80' lang='lat' dir='ltr'>adeoque</span> <span class='ocrx_word' id='word_1_486' title='bbox 1611 3645 1720 3714; x_wconf 82' lang='lat' dir='ltr'>majori,</span> <span class='ocrx_word' id='word_1_487' title='bbox 1742 3660 1823 3718; x_wconf 86' lang='lat' dir='ltr'>quam</span> <span class='ocrx_word' id='word_1_488' title='bbox 1838 3641 1894 3698; x_wconf 72' lang='lat' dir='ltr'>tna</span> 
     </span>
     <span class='ocr_line' id='line_1_38' title="bbox 252 3732 1893 3811; baseline 0.002 -23"><span class='ocrx_word' id='word_1_489' title='bbox 252 3740 376 3804; x_wconf 91' lang='lat' dir='ltr'>tempore</span> <span class='ocrx_word' id='word_1_490' title='bbox 395 3732 531 3788; x_wconf 87' lang='lat' dir='ltr'>induerat.</span> <span class='ocrx_word' id='word_1_491' title='bbox 559 3733 601 3789; x_wconf 82' lang='lat' dir='ltr'>ab</span> <span class='ocrx_word' id='word_1_492' title='bbox 615 3734 656 3789; x_wconf 88' lang='lat' dir='ltr'>ltis</span> <span class='ocrx_word' id='word_1_493' title='bbox 681 3735 769 3804; x_wconf 88' lang='lat' dir='ltr'>itaque</span> <span class='ocrx_word' id='word_1_494' title='bbox 796 3735 954 3801; x_wconf 73' lang='lat' dir='ltr'>iniquissimi</span> <span class='ocrx_word' id='word_1_495' title='bbox 972 3735 1054 3804; x_wconf 86' lang='lat' dir='ltr'>patris</span> <span class='ocrx_word' id='word_1_496' title='bbox 1106 3744 1251 3809; x_wconf 87' lang='lat' dir='ltr'>staminas,</span> <span class='ocrx_word' id='word_1_497' title='bbox 1265 3742 1404 3811; x_wconf 90' lang='lat' dir='ltr'>copiarum</span> <span class='ocrx_word' id='word_1_498' title='bbox 1425 3739 1710 3806; x_wconf 86' lang='lat' dir='ltr'>ttutneroiustructus,</span> <span class='ocrx_word' id='word_1_499' title='bbox 1735 3753 1798 3796; x_wconf 86' lang='lat' dir='ltr'>sese</span> <span class='ocrx_word' id='word_1_500' title='bbox 1820 3747 1893 3792; x_wconf 78' lang='lat' dir='ltr'>uuirt</span> 
     </span>
     <span class='ocr_line' id='line_1_39' title="bbox 253 3824 1893 3906; baseline -0.005 -23"><span class='ocrx_word' id='word_1_501' title='bbox 253 3825 359 3883; x_wconf 89' lang='lat' dir='ltr'>insidiis</span> <span class='ocrx_word' id='word_1_502' title='bbox 375 3826 504 3882; x_wconf 87' lang='lat' dir='ltr'>liberatas</span> <span class='ocrx_word' id='word_1_503' title='bbox 515 3824 674 3894; x_wconf 85' lang='lat' dir='ltr'>Maxentius,</span> <span class='ocrx_word' id='word_1_504' title='bbox 689 3827 787 3883; x_wconf 78' lang='lat' dir='ltr'>bellarm</span> <span class='ocrx_word' id='word_1_505' title='bbox 799 3837 857 3900; x_wconf 91' lang='lat' dir='ltr'>post</span> <span class='ocrx_word' id='word_1_506' title='bbox 870 3827 928 3898; x_wconf 74' lang='lat' dir='ltr'>eius</span> <span class='ocrx_word' id='word_1_507' title='bbox 940 3838 1054 3882; x_wconf 90' lang='lat' dir='ltr'>tttortem</span> <span class='ocrx_word' id='word_1_508' title='bbox 1107 3833 1202 3890; x_wconf 57' lang='lat' dir='ltr'>Rornae</span> <span class='ocrx_word' id='word_1_509' title='bbox 1224 3837 1392 3902; x_wconf 66' lang='lat' dir='ltr'>continebar,</span> <span class='ocrx_word' id='word_1_510' title='bbox 1417 3850 1548 3906; x_wconf 68' lang='lat' dir='ltr'>responso</span> <span class='ocrx_word' id='word_1_511' title='bbox 1558 3834 1592 3889; x_wconf 68' lang='lat' dir='ltr'>ab</span> <span class='ocrx_word' id='word_1_512' title='bbox 1608 3834 1674 3890; x_wconf 60' lang='lat' dir='ltr'>arus</span> <span class='ocrx_word' id='word_1_513' title='bbox 1691 3833 1805 3905; x_wconf 57' lang='lat' dir='ltr'>magica</span> <span class='ocrx_word' id='word_1_514' title='bbox 1818 3829 1893 3902; x_wconf 66' lang='lat' dir='ltr'>petius</span> 
     </span>
    </p>
   </div>
   <div class='ocr_carea' id='block_1_4' title="bbox 249 3921 1893 5868">
    <p class='ocr_par' dir='ltr' id='par_1_4' title="bbox 251 3921 1893 5222">
     <span class='ocr_line' id='line_1_40' title="bbox 252 3921 1891 3999; baseline -0.001 -20"><span class='ocrx_word' id='word_1_515' title='bbox 252 3921 431 3980; x_wconf 87' lang='lat' dir='ltr'>Constantino</span> <span class='ocrx_word' id='word_1_516' title='bbox 445 3921 540 3993; x_wconf 80' lang='lat' dir='ltr'>Muqtto</span> <span class='ocrx_word' id='word_1_517' title='bbox 553 3922 659 3990; x_wconf 90' lang='lat' dir='ltr'>ituiixit,</span> <span class='ocrx_word' id='word_1_518' title='bbox 675 3923 803 3996; x_wconf 86' lang='lat' dir='ltr'>tinxitque</span> <span class='ocrx_word' id='word_1_519' title='bbox 823 3939 852 3978; x_wconf 89' lang='lat' dir='ltr'>se</span> <span class='ocrx_word' id='word_1_520' title='bbox 865 3922 986 3993; x_wconf 83' lang='lat' dir='ltr'>ejusdem</span> <span class='ocrx_word' id='word_1_521' title='bbox 1010 3938 1055 3993; x_wconf 89' lang='lat' dir='ltr'>pa·</span> <span class='ocrx_word' id='word_1_522' title='bbox 1106 3937 1220 3998; x_wconf 90' lang='lat' dir='ltr'>accepto</span> <span class='ocrx_word' id='word_1_523' title='bbox 1241 3943 1272 3984; x_wconf 89' lang='lat' dir='ltr'>se</span> <span class='ocrx_word' id='word_1_524' title='bbox 1295 3929 1456 3999; x_wconf 84' lang='lat' dir='ltr'>periturum,</span> <span class='ocrx_word' id='word_1_525' title='bbox 1477 3926 1498 3983; x_wconf 90' lang='lat' dir='ltr'>si</span> <span class='ocrx_word' id='word_1_526' title='bbox 1521 3937 1599 3983; x_wconf 89' lang='lat' dir='ltr'>extra</span> <span class='ocrx_word' id='word_1_527' title='bbox 1614 3925 1687 3981; x_wconf 90' lang='lat' dir='ltr'>illins</span> <span class='ocrx_word' id='word_1_528' title='bbox 1700 3937 1794 3996; x_wconf 82' lang='lat' dir='ltr'>portus</span> <span class='ocrx_word' id='word_1_529' title='bbox 1814 3923 1891 3981; x_wconf 85' lang='lat' dir='ltr'>exiret</span> 
     </span>
     <span class='ocr_line' id='line_1_41' title="bbox 251 4015 1893 4093; baseline -0.005 -18"><span class='ocrx_word' id='word_1_530' title='bbox 251 4017 303 4076; x_wconf 86' lang='lat' dir='ltr'>tris</span> <span class='ocrx_word' id='word_1_531' title='bbox 317 4019 361 4075; x_wconf 90' lang='lat' dir='ltr'>sui</span> <span class='ocrx_word' id='word_1_532' title='bbox 384 4019 451 4075; x_wconf 89' lang='lat' dir='ltr'>velle</span> <span class='ocrx_word' id='word_1_533' title='bbox 474 4033 568 4074; x_wconf 88' lang='lat' dir='ltr'>necem</span> <span class='ocrx_word' id='word_1_534' title='bbox 584 4015 686 4072; x_wconf 89' lang='lat' dir='ltr'>ulcisci.</span> <span class='ocrx_word' id='word_1_535' title='bbox 702 4015 740 4072; x_wconf 87' lang='lat' dir='ltr'>lta</span> <span class='ocrx_word' id='word_1_536' title='bbox 754 4031 820 4074; x_wconf 73' lang='lat' dir='ltr'>satie</span> <span class='ocrx_word' id='word_1_537' title='bbox 834 4033 886 4072; x_wconf 92' lang='lat' dir='ltr'>uott</span> <span class='ocrx_word' id='word_1_538' title='bbox 897 4016 983 4073; x_wconf 91' lang='lat' dir='ltr'>solutu</span> <span class='ocrx_word' id='word_1_539' title='bbox 1004 4017 1056 4072; x_wconf 84' lang='lat' dir='ltr'>Ce-</span> <span class='ocrx_word' id='word_1_540' title='bbox 1107 4020 1242 4078; x_wconf 87' lang='lat' dir='ltr'>Meluudas</span> <span class='ocrx_word' id='word_1_541' title='bbox 1253 4022 1353 4093; x_wconf 90' lang='lat' dir='ltr'>quippe</span> <span class='ocrx_word' id='word_1_542' title='bbox 1373 4022 1432 4077; x_wconf 89' lang='lat' dir='ltr'>illas</span> <span class='ocrx_word' id='word_1_543' title='bbox 1445 4030 1528 4087; x_wconf 82' lang='lat' dir='ltr'>ttrtes,</span> <span class='ocrx_word' id='word_1_544' title='bbox 1544 4029 1572 4076; x_wconf 87' lang='lat' dir='ltr'>et</span> <span class='ocrx_word' id='word_1_545' title='bbox 1591 4019 1752 4090; x_wconf 72' lang='lat' dir='ltr'>praestigias,</span> <span class='ocrx_word' id='word_1_546' title='bbox 1774 4028 1841 4074; x_wconf 74' lang='lat' dir='ltr'>teste</span> <span class='ocrx_word' id='word_1_547' title='bbox 1854 4015 1893 4069; x_wconf 80' lang='lat' dir='ltr'>Eu</span> 
     </span>
     <span class='ocr_line' id='line_1_42' title="bbox 256 4107 1890 4184; baseline -0.004 -17"><span class='ocrx_word' id='word_1_548' title='bbox 256 4111 333 4174; x_wconf 58' lang='lat' dir='ltr'>silius</span> <span class='ocrx_word' id='word_1_549' title='bbox 358 4122 451 4168; x_wconf 86' lang='lat' dir='ltr'>uester</span> <span class='ocrx_word' id='word_1_550' title='bbox 475 4109 543 4184; x_wconf 82' lang='lat' dir='ltr'>(cup.</span> <span class='ocrx_word' id='word_1_551' title='bbox 560 4107 619 4181; x_wconf 73' lang='lat' dir='ltr'>ts),</span> <span class='ocrx_word' id='word_1_552' title='bbox 636 4109 682 4164; x_wconf 87' lang='lat' dir='ltr'>sed</span> <span class='ocrx_word' id='word_1_553' title='bbox 698 4109 822 4166; x_wconf 86' lang='lat' dir='ltr'>Zozittuts</span> <span class='ocrx_word' id='word_1_554' title='bbox 840 4111 921 4165; x_wconf 90' lang='lat' dir='ltr'>etium</span> <span class='ocrx_word' id='word_1_555' title='bbox 935 4110 1057 4164; x_wconf 89' lang='lat' dir='ltr'>sentiunt</span> <span class='ocrx_word' id='word_1_556' title='bbox 1107 4115 1183 4171; x_wconf 87' lang='lat' dir='ltr'>sebio</span> <span class='ocrx_word' id='word_1_557' title='bbox 1204 4112 1315 4184; x_wconf 73' lang='lat' dir='ltr'>(Eume.</span> <span class='ocrx_word' id='word_1_558' title='bbox 1333 4114 1378 4169; x_wconf 85' lang='lat' dir='ltr'>iii.</span> <span class='ocrx_word' id='word_1_559' title='bbox 1393 4128 1439 4168; x_wconf 91' lang='lat' dir='ltr'>vttt</span> <span class='ocrx_word' id='word_1_560' title='bbox 1458 4113 1547 4168; x_wconf 82' lang='lat' dir='ltr'>bitror.</span> <span class='ocrx_word' id='word_1_561' title='bbox 1561 4111 1661 4168; x_wconf 71' lang='lat' dir='ltr'>Macies.</span> <span class='ocrx_word' id='word_1_562' title='bbox 1672 4127 1732 4182; x_wconf 88' lang='lat' dir='ltr'>cup.</span> <span class='ocrx_word' id='word_1_563' title='bbox 1754 4111 1799 4180; x_wconf 79' lang='lat' dir='ltr'>ll,</span> <span class='ocrx_word' id='word_1_564' title='bbox 1813 4110 1852 4165; x_wconf 83' lang='lat' dir='ltr'>ut.</span> <span class='ocrx_word' id='word_1_565' title='bbox 1863 4122 1890 4170; x_wconf 84' lang='lat' dir='ltr'>tx,</span> 
     </span>
     <span class='ocr_line' id='line_1_43' title="bbox 255 4202 1892 4281; baseline -0.004 -19"><span class='ocrx_word' id='word_1_566' title='bbox 255 4206 366 4281; x_wconf 80' lang='lat' dir='ltr'>(Zoziut.</span> <span class='ocrx_word' id='word_1_567' title='bbox 387 4207 431 4263; x_wconf 75' lang='lat' dir='ltr'>tib.</span> <span class='ocrx_word' id='word_1_568' title='bbox 455 4223 474 4261; x_wconf 93' lang='lat' dir='ltr'>tt</span> <span class='ocrx_word' id='word_1_569' title='bbox 501 4206 616 4280; x_wconf 68' lang='lat' dir='ltr'>tristem).</span> <span class='ocrx_word' id='word_1_570' title='bbox 639 4203 739 4260; x_wconf 87' lang='lat' dir='ltr'>Contra</span> <span class='ocrx_word' id='word_1_571' title='bbox 760 4220 824 4260; x_wconf 86' lang='lat' dir='ltr'>vcro</span> <span class='ocrx_word' id='word_1_572' title='bbox 843 4203 978 4259; x_wconf 85' lang='lat' dir='ltr'>ddriauus</span> <span class='ocrx_word' id='word_1_573' title='bbox 1003 4202 1055 4259; x_wconf 84' lang='lat' dir='ltr'>Va·</span> <span class='ocrx_word' id='word_1_574' title='bbox 1108 4224 1165 4278; x_wconf 82' lang='lat' dir='ltr'>cup.</span> <span class='ocrx_word' id='word_1_575' title='bbox 1179 4207 1211 4275; x_wconf 84' lang='grc'>9;</span> <span class='ocrx_word' id='word_1_576' title='bbox 1229 4205 1416 4262; x_wconf 75' lang='lat' dir='ltr'>tunultu</span> <span class='ocrx_word' id='word_1_577' title='bbox 1434 4205 1522 4262; x_wconf 85' lang='lat' dir='ltr'>Cenat.</span> <span class='ocrx_word' id='word_1_578' title='bbox 1540 4223 1599 4279; x_wconf 82' lang='lat' dir='ltr'>cup.</span> <span class='ocrx_word' id='word_1_579' title='bbox 1618 4205 1653 4259; x_wconf 73' lang='lat'>27</span> <span class='ocrx_word' id='word_1_580' title='bbox 1666 4215 1690 4260; x_wconf 86' lang='lat' dir='ltr'>et</span> <span class='ocrx_word' id='word_1_581' title='bbox 1703 4205 1741 4261; x_wconf 75' lang='lat'>36</span> <span class='ocrx_word' id='word_1_582' title='bbox 1754 4205 1777 4278; x_wconf 92' lang='lat'>),</span> <span class='ocrx_word' id='word_1_583' title='bbox 1792 4203 1892 4261; x_wconf 80' lang='lat' dir='ltr'>studiose</span> 
     </span>
     <span class='ocr_line' id='line_1_44' title="bbox 254 4296 1890 4373; baseline -0.004 -16"><span class='ocrx_word' id='word_1_584' title='bbox 254 4301 340 4357; x_wconf 89' lang='lat' dir='ltr'>lesius</span> <span class='ocrx_word' id='word_1_585' title='bbox 359 4301 484 4370; x_wconf 91' lang='lat' dir='ltr'>opinatur</span> <span class='ocrx_word' id='word_1_586' title='bbox 508 4298 609 4373; x_wconf 81' lang='lat' dir='ltr'>(Vetus.</span> <span class='ocrx_word' id='word_1_587' title='bbox 627 4298 670 4354; x_wconf 87' lang='lat' dir='ltr'>tu.</span> <span class='ocrx_word' id='word_1_588' title='bbox 687 4315 694 4354; x_wconf 95' lang='grc' dir='ltr'>ι</span> <span class='ocrx_word' id='word_1_589' title='bbox 716 4299 777 4354; x_wconf 86' lang='lat' dir='ltr'>lter.</span> <span class='ocrx_word' id='word_1_590' title='bbox 793 4297 902 4369; x_wconf 78' lang='lat' dir='ltr'>Frons.)</span> <span class='ocrx_word' id='word_1_591' title='bbox 921 4296 1057 4354; x_wconf 85' lang='lat' dir='ltr'>Constan-</span> <span class='ocrx_word' id='word_1_592' title='bbox 1109 4303 1151 4357; x_wconf 87' lang='lat' dir='ltr'>vir</span> <span class='ocrx_word' id='word_1_593' title='bbox 1169 4303 1310 4372; x_wconf 84' lang='lat' dir='ltr'>improbus</span> <span class='ocrx_word' id='word_1_594' title='bbox 1332 4301 1552 4364; x_wconf 84' lang='lat' dir='ltr'>consectabatur,</span> <span class='ocrx_word' id='word_1_595' title='bbox 1564 4309 1647 4370; x_wconf 89' lang='lat' dir='ltr'>atque</span> <span class='ocrx_word' id='word_1_596' title='bbox 1665 4299 1700 4355; x_wconf 89' lang='lat' dir='ltr'>iis</span> <span class='ocrx_word' id='word_1_597' title='bbox 1721 4299 1818 4368; x_wconf 87' lang='lat' dir='ltr'>magis,</span> <span class='ocrx_word' id='word_1_598' title='bbox 1830 4309 1890 4366; x_wconf 83' lang='lat' dir='ltr'>quau</span> 
     </span>
     <span class='ocr_line' id='line_1_45' title="bbox 257 4391 1893 4464; baseline -0.002 -14"><span class='ocrx_word' id='word_1_599' title='bbox 257 4394 343 4450; x_wconf 90' lang='lat' dir='ltr'>tinum</span> <span class='ocrx_word' id='word_1_600' title='bbox 355 4394 488 4450; x_wconf 81' lang='lat' dir='ltr'>Maxentio</span> <span class='ocrx_word' id='word_1_601' title='bbox 500 4395 599 4448; x_wconf 90' lang='lat' dir='ltr'>bellum</span> <span class='ocrx_word' id='word_1_602' title='bbox 616 4403 757 4464; x_wconf 71' lang='lat' dir='ltr'>proptereat</span> <span class='ocrx_word' id='word_1_603' title='bbox 773 4392 1057 4462; x_wconf 72' lang='lat' dir='ltr'>itttuiisse;qaiae1as</span> <span class='ocrx_word' id='word_1_604' title='bbox 1108 4394 1276 4452; x_wconf 88' lang='lat' dir='ltr'>subditorum</span> <span class='ocrx_word' id='word_1_605' title='bbox 1299 4394 1487 4452; x_wconf 85' lang='lat' dir='ltr'>bettetoleutia</span> <span class='ocrx_word' id='word_1_606' title='bbox 1506 4391 1636 4459; x_wconf 84' lang='lat' dir='ltr'>eouitstts,</span> <span class='ocrx_word' id='word_1_607' title='bbox 1652 4408 1706 4448; x_wconf 88' lang='lat' dir='ltr'>nott</span> <span class='ocrx_word' id='word_1_608' title='bbox 1727 4391 1842 4448; x_wconf 85' lang='lat' dir='ltr'>audebat</span> <span class='ocrx_word' id='word_1_609' title='bbox 1858 4401 1893 4458; x_wconf 71' lang='lat' dir='ltr'>pe</span> 
     </span>
     <span class='ocr_line' id='line_1_46' title="bbox 255 4485 1892 4560; baseline -0.004 -14"><span class='ocrx_word' id='word_1_610' title='bbox 255 4497 360 4547; x_wconf 87' lang='lat' dir='ltr'>statuas</span> <span class='ocrx_word' id='word_1_611' title='bbox 373 4488 466 4543; x_wconf 78' lang='lat' dir='ltr'>Rornae</span> <span class='ocrx_word' id='word_1_612' title='bbox 477 4489 579 4560; x_wconf 87' lang='lat' dir='ltr'>positus</span> <span class='ocrx_word' id='word_1_613' title='bbox 589 4497 732 4544; x_wconf 87' lang='lat' dir='ltr'>everterat.</span> <span class='ocrx_word' id='word_1_614' title='bbox 748 4487 802 4546; x_wconf 88' lang='lat' dir='ltr'>Sed</span> <span class='ocrx_word' id='word_1_615' title='bbox 819 4489 876 4542; x_wconf 79' lang='lat' dir='ltr'>lime</span> <span class='ocrx_word' id='word_1_616' title='bbox 891 4485 982 4559; x_wconf 89' lang='lat' dir='ltr'>opinio</span> <span class='ocrx_word' id='word_1_617' title='bbox 998 4488 1058 4540; x_wconf 89' lang='lat' dir='ltr'>lun·</span> <span class='ocrx_word' id='word_1_618' title='bbox 1110 4489 1171 4545; x_wconf 92' lang='lat' dir='ltr'>dem</span> <span class='ocrx_word' id='word_1_619' title='bbox 1186 4498 1264 4546; x_wconf 86' lang='lat' dir='ltr'>extra</span> <span class='ocrx_word' id='word_1_620' title='bbox 1278 4486 1353 4544; x_wconf 89' lang='lat' dir='ltr'>urbis</span> <span class='ocrx_word' id='word_1_621' title='bbox 1366 4497 1458 4559; x_wconf 88' lang='lat' dir='ltr'>portas</span> <span class='ocrx_word' id='word_1_622' title='bbox 1478 4487 1560 4544; x_wconf 87' lang='lat' dir='ltr'>ierre.</span> <span class='ocrx_word' id='word_1_623' title='bbox 1576 4487 1697 4542; x_wconf 85' lang='lat' dir='ltr'>incertus</span> <span class='ocrx_word' id='word_1_624' title='bbox 1711 4500 1778 4542; x_wconf 90' lang='lat' dir='ltr'>vero</span> <span class='ocrx_word' id='word_1_625' title='bbox 1795 4496 1892 4555; x_wconf 70' lang='lat' dir='ltr'>pause!-</span> 
     </span>
     <span class='ocr_line' id='line_1_47' title="bbox 256 4575 1891 4652; baseline -0.006 -12"><span class='ocrx_word' id='word_1_626' title='bbox 256 4583 329 4640; x_wconf 88' lang='lat' dir='ltr'>ditus</span> <span class='ocrx_word' id='word_1_627' title='bbox 343 4582 489 4640; x_wconf 88' lang='lat' dir='ltr'>destruitur</span> <span class='ocrx_word' id='word_1_628' title='bbox 507 4597 522 4636; x_wconf 89' lang='lat' dir='ltr'>a</span> <span class='ocrx_word' id='word_1_629' title='bbox 545 4581 658 4638; x_wconf 88' lang='lat' dir='ltr'>Nazario</span> <span class='ocrx_word' id='word_1_630' title='bbox 680 4579 793 4652; x_wconf 80' lang='lat' dir='ltr'>(Notus.</span> <span class='ocrx_word' id='word_1_631' title='bbox 815 4579 946 4652; x_wconf 78' lang='lat' dir='ltr'>Puueqpr.</span> <span class='ocrx_word' id='word_1_632' title='bbox 963 4578 1017 4652; x_wconf 66' lang='lat'>56,</span> <span class='ocrx_word' id='word_1_633' title='bbox 1029 4577 1056 4648; x_wconf 86' lang='lat'>8,</span> <span class='ocrx_word' id='word_1_634' title='bbox 1071 4582 1158 4652; x_wconf 71' lang='lat' dir='ltr'>lyrici</span> <span class='ocrx_word' id='word_1_635' title='bbox 1173 4589 1278 4650; x_wconf 86' lang='lat' dir='ltr'>auctor,</span> <span class='ocrx_word' id='word_1_636' title='bbox 1297 4596 1312 4637; x_wconf 87' lang='lat' dir='ltr'>a</span> <span class='ocrx_word' id='word_1_637' title='bbox 1337 4581 1416 4638; x_wconf 91' lang='lat' dir='ltr'>nubis</span> <span class='ocrx_word' id='word_1_638' title='bbox 1429 4583 1551 4652; x_wconf 81' lang='lat' dir='ltr'>proxime</span> <span class='ocrx_word' id='word_1_639' title='bbox 1563 4580 1679 4636; x_wconf 87' lang='lat' dir='ltr'>citatus:</span> <span class='ocrx_word' id='word_1_640' title='bbox 1698 4598 1709 4633; x_wconf 92' lang='grc' dir='ltr'>ι</span> <span class='ocrx_word' id='word_1_641' title='bbox 1725 4579 1850 4644; x_wconf 83' lang='lat' dir='ltr'>Stultum,</span> <span class='ocrx_word' id='word_1_642' title='bbox 1861 4575 1891 4629; x_wconf 88' lang='lat' dir='ltr'>it·</span> 
     </span>
     <span class='ocr_line' id='line_1_48' title="bbox 257 4671 1892 4748; baseline -0.005 -15"><span class='ocrx_word' id='word_1_643' title='bbox 257 4686 283 4733; x_wconf 86' lang='lat' dir='ltr'>ct</span> <span class='ocrx_word' id='word_1_644' title='bbox 306 4674 366 4748; x_wconf 78' lang='lat' dir='ltr'>ta),</span> <span class='ocrx_word' id='word_1_645' title='bbox 391 4674 499 4744; x_wconf 88' lang='lat' dir='ltr'>alioque</span> <span class='ocrx_word' id='word_1_646' title='bbox 520 4673 614 4729; x_wconf 89' lang='lat' dir='ltr'>iucerti</span> <span class='ocrx_word' id='word_1_647' title='bbox 645 4673 800 4746; x_wconf 80' lang='lat' dir='ltr'>panegyrici</span> <span class='ocrx_word' id='word_1_648' title='bbox 826 4681 952 4739; x_wconf 90' lang='lat' dir='ltr'>auctore,</span> <span class='ocrx_word' id='word_1_649' title='bbox 979 4682 1060 4741; x_wconf 86' lang='lat' dir='ltr'>utque</span> <span class='ocrx_word' id='word_1_650' title='bbox 1113 4677 1189 4747; x_wconf 90' lang='lat' dir='ltr'>quit,</span> <span class='ocrx_word' id='word_1_651' title='bbox 1216 4684 1245 4731; x_wconf 89' lang='lat' dir='ltr'>et</span> <span class='ocrx_word' id='word_1_652' title='bbox 1269 4691 1386 4746; x_wconf 84' lang='lat' dir='ltr'>ttequttm</span> <span class='ocrx_word' id='word_1_653' title='bbox 1409 4675 1511 4731; x_wconf 85' lang='lat' dir='ltr'>animal</span> <span class='ocrx_word' id='word_1_654' title='bbox 1536 4690 1669 4747; x_wconf 89' lang='lat' dir='ltr'>nusquam</span> <span class='ocrx_word' id='word_1_655' title='bbox 1694 4682 1772 4730; x_wconf 86' lang='lat' dir='ltr'>extra</span> <span class='ocrx_word' id='word_1_656' title='bbox 1796 4671 1892 4744; x_wconf 81' lang='lat' dir='ltr'>parieta</span> 
     </span>
     <span class='ocr_line' id='line_1_49' title="bbox 257 4760 1892 4844; baseline -0.009 -15"><span class='ocrx_word' id='word_1_657' title='bbox 257 4769 377 4829; x_wconf 76' lang='lat' dir='ltr'>Eusebio</span> <span class='ocrx_word' id='word_1_658' title='bbox 392 4765 505 4842; x_wconf 70' lang='lat' dir='ltr'>(aaut.</span> <span class='ocrx_word' id='word_1_659' title='bbox 521 4766 565 4822; x_wconf 80' lang='lat' dir='ltr'>it&#39;b.</span> <span class='ocrx_word' id='word_1_660' title='bbox 580 4783 610 4822; x_wconf 76' lang='lat' dir='ltr'>lx</span> <span class='ocrx_word' id='word_1_661' title='bbox 628 4767 689 4822; x_wconf 76' lang='lat' dir='ltr'>iiiut.</span> <span class='ocrx_word' id='word_1_662' title='bbox 705 4765 804 4821; x_wconf 78' lang='lat' dir='ltr'>Ecciee.</span> <span class='ocrx_word' id='word_1_663' title='bbox 820 4781 879 4836; x_wconf 82' lang='lat' dir='ltr'>cup.</span> <span class='ocrx_word' id='word_1_664' title='bbox 893 4764 929 4832; x_wconf 82' lang='grc'>9,</span> <span class='ocrx_word' id='word_1_665' title='bbox 953 4773 976 4818; x_wconf 82' lang='lat' dir='ltr'>ei</span> <span class='ocrx_word' id='word_1_666' title='bbox 990 4763 1034 4818; x_wconf 83' lang='lat' dir='ltr'>ub.</span> <span class='ocrx_word' id='word_1_667' title='bbox 1049 4779 1060 4818; x_wconf 91' lang='lat' dir='ltr'>t</span> <span class='ocrx_word' id='word_1_668' title='bbox 1111 4770 1203 4844; x_wconf 73' lang='lat' dir='ltr'>egredi</span> <span class='ocrx_word' id='word_1_669' title='bbox 1215 4770 1341 4827; x_wconf 70' lang='lat' dir='ltr'>audebat.</span> <span class='ocrx_word' id='word_1_670' title='bbox 1354 4769 1395 4826; x_wconf 87' lang='lat' dir='ltr'>lla</span> <span class='ocrx_word' id='word_1_671' title='bbox 1409 4769 1481 4826; x_wconf 79' lang='lat' dir='ltr'>ellim</span> <span class='ocrx_word' id='word_1_672' title='bbox 1500 4779 1547 4826; x_wconf 67' lang='lat' dir='ltr'>aut</span> <span class='ocrx_word' id='word_1_673' title='bbox 1560 4767 1700 4840; x_wconf 71' lang='lat' dir='ltr'>prodigiis,</span> <span class='ocrx_word' id='word_1_674' title='bbox 1714 4777 1764 4824; x_wconf 78' lang='lat' dir='ltr'>aut</span> <span class='ocrx_word' id='word_1_675' title='bbox 1774 4760 1892 4822; x_wconf 84' lang='lat' dir='ltr'>metussai</span> 
     </span>
     <span class='ocr_line' id='line_1_50' title="bbox 257 4856 1891 4934; baseline -0.004 -15"><span class='ocrx_word' id='word_1_676' title='bbox 257 4863 290 4919; x_wconf 83' lang='lat' dir='ltr'>de</span> <span class='ocrx_word' id='word_1_677' title='bbox 308 4863 368 4920; x_wconf 87' lang='lat' dir='ltr'>Vitu</span> <span class='ocrx_word' id='word_1_678' title='bbox 387 4861 519 4917; x_wconf 77' lang='lat' dir='ltr'>Constant.</span> <span class='ocrx_word' id='word_1_679' title='bbox 543 4876 601 4930; x_wconf 86' lang='lat' dir='ltr'>cup.</span> <span class='ocrx_word' id='word_1_680' title='bbox 624 4858 696 4932; x_wconf 71' lang='lat'>26),</span> <span class='ocrx_word' id='word_1_681' title='bbox 723 4859 769 4932; x_wconf 92' lang='lat' dir='ltr'>qui</span> <span class='ocrx_word' id='word_1_682' title='bbox 786 4866 973 4914; x_wconf 86' lang='lat' dir='ltr'>asseveranter</span> <span class='ocrx_word' id='word_1_683' title='bbox 985 4856 1058 4910; x_wconf 87' lang='lat' dir='ltr'>alilr-</span> <span class='ocrx_word' id='word_1_684' title='bbox 1109 4863 1248 4933; x_wconf 82' lang='lat' dir='ltr'>proesagiis</span> <span class='ocrx_word' id='word_1_685' title='bbox 1261 4863 1458 4919; x_wconf 90' lang='lat' dir='ltr'>monebatur.t</span> <span class='ocrx_word' id='word_1_686' title='bbox 1475 4862 1509 4917; x_wconf 74' lang='lat' dir='ltr'>dt</span> <span class='ocrx_word' id='word_1_687' title='bbox 1519 4876 1647 4934; x_wconf 89' lang='lat' dir='ltr'>expresse</span> <span class='ocrx_word' id='word_1_688' title='bbox 1657 4861 1784 4918; x_wconf 78' lang='lat' dir='ltr'>Zosimus</span> <span class='ocrx_word' id='word_1_689' title='bbox 1796 4858 1891 4930; x_wconf 71' lang='lat' dir='ltr'>(aazia</span> 
     </span>
     <span class='ocr_line' id='line_1_51' title="bbox 258 4951 1892 5033; baseline -0.004 -20"><span class='ocrx_word' id='word_1_690' title='bbox 258 4966 334 5014; x_wconf 89' lang='lat' dir='ltr'>tnaut</span> <span class='ocrx_word' id='word_1_691' title='bbox 353 4957 406 5012; x_wconf 89' lang='lat' dir='ltr'>itoc</span> <span class='ocrx_word' id='word_1_692' title='bbox 420 4954 518 5011; x_wconf 88' lang='lat' dir='ltr'>beilum</span> <span class='ocrx_word' id='word_1_693' title='bbox 535 4969 548 5007; x_wconf 87' lang='lat' dir='ltr'>a</span> <span class='ocrx_word' id='word_1_694' title='bbox 564 4951 750 5018; x_wconf 81' lang='lat' dir='ltr'>Constantino,</span> <span class='ocrx_word' id='word_1_695' title='bbox 767 4951 845 5020; x_wconf 88' lang='lat' dir='ltr'>platte</span> <span class='ocrx_word' id='word_1_696' title='bbox 859 4951 953 5014; x_wconf 85' lang='lat' dir='ltr'>invito,</span> <span class='ocrx_word' id='word_1_697' title='bbox 969 4965 1058 5020; x_wconf 86' lang='lat' dir='ltr'>aeque</span> <span class='ocrx_word' id='word_1_698' title='bbox 1111 4959 1156 5015; x_wconf 73' lang='lat' dir='ltr'>liu,</span> <span class='ocrx_word' id='word_1_699' title='bbox 1171 4975 1191 5015; x_wconf 94' lang='lat' dir='ltr'>tt</span> <span class='ocrx_word' id='word_1_700' title='bbox 1204 4957 1309 5033; x_wconf 66' lang='lat' dir='ltr'>pietur.)</span> <span class='ocrx_word' id='word_1_701' title='bbox 1324 4959 1434 5016; x_wconf 70' lang='lat' dir='ltr'>tradidit</span> <span class='ocrx_word' id='word_1_702' title='bbox 1445 4961 1547 5016; x_wconf 73' lang='lat' dir='ltr'>hostias</span> <span class='ocrx_word' id='word_1_703' title='bbox 1570 4961 1606 5016; x_wconf 74' lang='lat' dir='ltr'>ab</span> <span class='ocrx_word' id='word_1_704' title='bbox 1626 4976 1661 5016; x_wconf 84' lang='lat' dir='ltr'>eo</span> <span class='ocrx_word' id='word_1_705' title='bbox 1678 4959 1732 5016; x_wconf 72' lang='lat' dir='ltr'>diis</span> <span class='ocrx_word' id='word_1_706' title='bbox 1750 4958 1892 5017; x_wconf 80' lang='lat' dir='ltr'>immolatas,</span> 
     </span>
     <span class='ocr_line' id='line_1_52' title="bbox 258 5042 1893 5123; baseline -0.007 -17"><span class='ocrx_word' id='word_1_707' title='bbox 258 5058 323 5106; x_wconf 89' lang='lat' dir='ltr'>aute</span> <span class='ocrx_word' id='word_1_708' title='bbox 336 5051 425 5105; x_wconf 89' lang='lat' dir='ltr'>oblata</span> <span class='ocrx_word' id='word_1_709' title='bbox 441 5047 559 5104; x_wconf 87' lang='lat' dir='ltr'>remedia</span> <span class='ocrx_word' id='word_1_710' title='bbox 570 5045 694 5101; x_wconf 88' lang='lat' dir='ltr'>molliora</span> <span class='ocrx_word' id='word_1_711' title='bbox 706 5054 871 5116; x_wconf 77' lang='lat' dir='ltr'>susceptum,</span> <span class='ocrx_word' id='word_1_712' title='bbox 883 5042 1057 5114; x_wconf 87' lang='lat' dir='ltr'>ueqtteniiutn</span> <span class='ocrx_word' id='word_1_713' title='bbox 1111 5066 1144 5107; x_wconf 62' lang='lat' dir='ltr'>ae</span> <span class='ocrx_word' id='word_1_714' title='bbox 1153 5051 1188 5108; x_wconf 73' lang='lat' dir='ltr'>ep,</span> <span class='ocrx_word' id='word_1_715' title='bbox 1200 5051 1264 5108; x_wconf 69' lang='lat' dir='ltr'>peni</span> <span class='ocrx_word' id='word_1_716' title='bbox 1273 5064 1370 5108; x_wconf 61' lang='lat' dir='ltr'>eeeqqu</span> <span class='ocrx_word' id='word_1_717' title='bbox 1383 5053 1522 5108; x_wconf 64' lang='lat' dir='ltr'>confflem</span> <span class='ocrx_word' id='word_1_718' title='bbox 1539 5051 1677 5123; x_wconf 56' lang='lat' dir='ltr'>amspioee</span> <span class='ocrx_word' id='word_1_719' title='bbox 1695 5051 1893 5123; x_wconf 56' lang='lat' dir='ltr'>sepelieruntque</span> 
     </span>
     <span class='ocr_line' id='line_1_53' title="bbox 258 5145 1772 5222; baseline -0.005 -16"><span class='ocrx_word' id='word_1_720' title='bbox 258 5151 379 5222; x_wconf 91' lang='lat' dir='ltr'>prolecto</span> <span class='ocrx_word' id='word_1_721' title='bbox 394 5150 429 5206; x_wconf 93' lang='lat' dir='ltr'>ob</span> <span class='ocrx_word' id='word_1_722' title='bbox 443 5163 562 5216; x_wconf 82' lang='lat' dir='ltr'>eausam,</span> <span class='ocrx_word' id='word_1_723' title='bbox 587 5145 637 5202; x_wconf 91' lang='lat' dir='ltr'>uisi</span> <span class='ocrx_word' id='word_1_724' title='bbox 660 5157 689 5200; x_wconf 89' lang='lat' dir='ltr'>ut</span> <span class='ocrx_word' id='word_1_725' title='bbox 703 5145 816 5200; x_wconf 85' lang='lat' dir='ltr'>Rontam</span> <span class='ocrx_word' id='word_1_726' title='bbox 834 5145 868 5199; x_wconf 89' lang='lat' dir='ltr'>nb</span> <span class='ocrx_word' id='word_1_727' title='bbox 882 5145 1006 5200; x_wconf 86' lang='lat' dir='ltr'>Maxentii</span> <span class='ocrx_word' id='word_1_728' title='bbox 1019 5154 1060 5216; x_wconf 90' lang='lat' dir='ltr'>ty·</span> <span class='ocrx_word' id='word_1_729' title='bbox 1111 5145 1207 5213; x_wconf 89' lang='lat' dir='ltr'>libros,</span> <span class='ocrx_word' id='word_1_730' title='bbox 1217 5160 1331 5217; x_wconf 88' lang='lat' dir='ltr'>qaorum</span> <span class='ocrx_word' id='word_1_731' title='bbox 1342 5145 1430 5202; x_wconf 87' lang='lat' dir='ltr'>laliaci</span> <span class='ocrx_word' id='word_1_732' title='bbox 1442 5160 1572 5218; x_wconf 89' lang='lat' dir='ltr'>responso</span> <span class='ocrx_word' id='word_1_733' title='bbox 1581 5147 1709 5213; x_wconf 77' lang='lat' dir='ltr'>deeeqttus</span> <span class='ocrx_word' id='word_1_734' title='bbox 1718 5154 1772 5202; x_wconf 91' lang='lat' dir='ltr'>est.</span> 
     </span>
    </p>

    <p class='ocr_par' dir='ltr' id='par_1_5' title="bbox 249 5236 1893 5868">
     <span class='ocr_line' id='line_1_54' title="bbox 258 5236 1893 5308; baseline -0.007 -7"><span class='ocrx_word' id='word_1_735' title='bbox 258 5243 374 5301; x_wconf 86' lang='lat' dir='ltr'>renuide</span> <span class='ocrx_word' id='word_1_736' title='bbox 394 5241 529 5298; x_wconf 85' lang='lat' dir='ltr'>liberaret.</span> <span class='ocrx_word' id='word_1_737' title='bbox 545 5241 642 5297; x_wconf 85' lang='lat' dir='ltr'>Pacem</span> <span class='ocrx_word' id='word_1_738' title='bbox 662 5238 752 5308; x_wconf 90' lang='lat' dir='ltr'>itaque</span> <span class='ocrx_word' id='word_1_739' title='bbox 771 5253 832 5292; x_wconf 83' lang='lat' dir='ltr'>cum</span> <span class='ocrx_word' id='word_1_740' title='bbox 856 5237 991 5292; x_wconf 87' lang='lat' dir='ltr'>euincere</span> <span class='ocrx_word' id='word_1_741' title='bbox 1011 5250 1060 5292; x_wconf 89' lang='lat' dir='ltr'>vo·</span> <span class='ocrx_word' id='word_1_742' title='bbox 1148 5236 1208 5294; x_wconf 83' lang='lat' dir='ltr'>ient</span> <span class='ocrx_word' id='word_1_743' title='bbox 1231 5253 1295 5293; x_wconf 93' lang='lat' dir='ltr'>vero</span> <span class='ocrx_word' id='word_1_744' title='bbox 1315 5238 1416 5294; x_wconf 82' lang='lat' dir='ltr'>laudati</span> <span class='ocrx_word' id='word_1_745' title='bbox 1437 5254 1453 5293; x_wconf 87' lang='lat' dir='ltr'>a</span> <span class='ocrx_word' id='word_1_746' title='bbox 1479 5237 1557 5293; x_wconf 90' lang='lat' dir='ltr'>uobis</span> <span class='ocrx_word' id='word_1_747' title='bbox 1579 5236 1713 5295; x_wconf 83' lang='lat' dir='ltr'>Eusebiae</span> <span class='ocrx_word' id='word_1_748' title='bbox 1742 5237 1893 5305; x_wconf 78' lang='lat' dir='ltr'>incertusque</span> 
     </span>
     <span class='ocr_line' id='line_1_55' title="bbox 259 5327 1893 5405; baseline -0.006 -13"><span class='ocrx_word' id='word_1_749' title='bbox 259 5336 344 5404; x_wconf 89' lang='lat' dir='ltr'>lebat,</span> <span class='ocrx_word' id='word_1_750' title='bbox 361 5351 439 5405; x_wconf 89' lang='lat' dir='ltr'>quam</span> <span class='ocrx_word' id='word_1_751' title='bbox 449 5333 494 5390; x_wconf 89' lang='lat' dir='ltr'>ilie</span> <span class='ocrx_word' id='word_1_752' title='bbox 506 5333 647 5388; x_wconf 91' lang='lat' dir='ltr'>nutttuodo</span> <span class='ocrx_word' id='word_1_753' title='bbox 663 5331 768 5402; x_wconf 89' lang='lat' dir='ltr'>penitus</span> <span class='ocrx_word' id='word_1_754' title='bbox 780 5329 882 5399; x_wconf 82' lang='lat' dir='ltr'>rejecit,</span> <span class='ocrx_word' id='word_1_755' title='bbox 897 5327 944 5384; x_wconf 88' lang='lat' dir='ltr'>sed</span> <span class='ocrx_word' id='word_1_756' title='bbox 958 5328 1061 5396; x_wconf 85' lang='lat' dir='ltr'>ipsum·</span> <span class='ocrx_word' id='word_1_757' title='bbox 1113 5330 1160 5387; x_wconf 89' lang='lat' dir='ltr'>ille</span> <span class='ocrx_word' id='word_1_758' title='bbox 1180 5331 1334 5403; x_wconf 83' lang='lat' dir='ltr'>panegyrici</span> <span class='ocrx_word' id='word_1_759' title='bbox 1353 5341 1459 5398; x_wconf 87' lang='lat' dir='ltr'>auctor,</span> <span class='ocrx_word' id='word_1_760' title='bbox 1474 5345 1506 5386; x_wconf 84' lang='lat' dir='ltr'>ae</span> <span class='ocrx_word' id='word_1_761' title='bbox 1519 5329 1648 5386; x_wconf 80' lang='lat' dir='ltr'>Macarius</span> <span class='ocrx_word' id='word_1_762' title='bbox 1661 5331 1736 5400; x_wconf 91' lang='lat' dir='ltr'>plura</span> <span class='ocrx_word' id='word_1_763' title='bbox 1749 5338 1893 5385; x_wconf 71' lang='lat' dir='ltr'>commemo</span> 
     </span>
     <span class='ocr_line' id='line_1_56' title="bbox 259 5422 1893 5502; baseline -0.009 -12"><span class='ocrx_word' id='word_1_764' title='bbox 259 5444 316 5490; x_wconf 89' lang='lat' dir='ltr'>met</span> <span class='ocrx_word' id='word_1_765' title='bbox 341 5439 471 5502; x_wconf 79' lang='lat' dir='ltr'>praterea</span> <span class='ocrx_word' id='word_1_766' title='bbox 497 5429 699 5485; x_wconf 85' lang='lat' dir='ltr'>Constantinum</span> <span class='ocrx_word' id='word_1_767' title='bbox 722 5424 877 5490; x_wconf 86' lang='lat' dir='ltr'>lacessivit,</span> <span class='ocrx_word' id='word_1_768' title='bbox 898 5423 1059 5480; x_wconf 85' lang='lat' dir='ltr'>venerandis</span> <span class='ocrx_word' id='word_1_769' title='bbox 1108 5432 1171 5482; x_wconf 90' lang='lat' dir='ltr'>rant</span> <span class='ocrx_word' id='word_1_770' title='bbox 1187 5423 1313 5479; x_wconf 85' lang='lat' dir='ltr'>Maxentii</span> <span class='ocrx_word' id='word_1_771' title='bbox 1328 5438 1389 5479; x_wconf 89' lang='lat' dir='ltr'>cum</span> <span class='ocrx_word' id='word_1_772' title='bbox 1401 5422 1577 5480; x_wconf 87' lang='lat' dir='ltr'>Cottstantino</span> <span class='ocrx_word' id='word_1_773' title='bbox 1592 5423 1695 5494; x_wconf 67' lang='lat' dir='ltr'>proelia,</span> <span class='ocrx_word' id='word_1_774' title='bbox 1709 5423 1737 5477; x_wconf 91' lang='lat' dir='ltr'>iu</span> <span class='ocrx_word' id='word_1_775' title='bbox 1748 5422 1893 5478; x_wconf 79' lang='lat' dir='ltr'>rariiscou</span> 
     </span>
     <span class='ocr_line' id='line_1_57' title="bbox 259 5507 1891 5596; baseline -0.007 -15"><span class='ocrx_word' id='word_1_776' title='bbox 259 5522 318 5596; x_wconf 82' lang='lat' dir='ltr'>ejus</span> <span class='ocrx_word' id='word_1_777' title='bbox 331 5521 493 5593; x_wconf 89' lang='lat' dir='ltr'>imaginibus</span> <span class='ocrx_word' id='word_1_778' title='bbox 512 5521 611 5578; x_wconf 85' lang='lat' dir='ltr'>excisis</span> <span class='ocrx_word' id='word_1_779' title='bbox 633 5528 660 5576; x_wconf 89' lang='lat' dir='ltr'>et</span> <span class='ocrx_word' id='word_1_780' title='bbox 678 5516 852 5575; x_wconf 81' lang='lat' dir='ltr'>convenientis.</span> <span class='ocrx_word' id='word_1_781' title='bbox 869 5514 1059 5572; x_wconf 78' lang='lat' dir='ltr'>Verumtamen</span> <span class='ocrx_word' id='word_1_782' title='bbox 1109 5517 1192 5574; x_wconf 88' lang='lat' dir='ltr'>missa</span> <span class='ocrx_word' id='word_1_783' title='bbox 1204 5516 1286 5571; x_wconf 76' lang='lat' dir='ltr'>ltaliae</span> <span class='ocrx_word' id='word_1_784' title='bbox 1296 5516 1460 5588; x_wconf 86' lang='lat' dir='ltr'>regionibus.</span> <span class='ocrx_word' id='word_1_785' title='bbox 1472 5516 1525 5574; x_wconf 85' lang='lat' dir='ltr'>Sed</span> <span class='ocrx_word' id='word_1_786' title='bbox 1538 5516 1655 5573; x_wconf 87' lang='lat' dir='ltr'>Cecilius</span> <span class='ocrx_word' id='word_1_787' title='bbox 1671 5514 1839 5588; x_wconf 63' lang='lat' dir='ltr'>austerum.</span> <span class='ocrx_word' id='word_1_788' title='bbox 1850 5507 1891 5582; x_wconf 78' lang='lat' dir='ltr'>M),</span> 
     </span>
     <span class='ocr_line' id='line_1_58' title="bbox 259 5607 1893 5691; baseline -0.008 -16"><span class='ocrx_word' id='word_1_789' title='bbox 259 5617 499 5691; x_wconf 77' lang='lat' dir='ltr'>praestantissimus</span> <span class='ocrx_word' id='word_1_790' title='bbox 520 5615 566 5672; x_wconf 86' lang='lat' dir='ltr'>ille</span> <span class='ocrx_word' id='word_1_791' title='bbox 585 5616 730 5686; x_wconf 85' lang='lat' dir='ltr'>imperatur</span> <span class='ocrx_word' id='word_1_792' title='bbox 757 5611 875 5681; x_wconf 88' lang='lat' dir='ltr'>tteglexit</span> <span class='ocrx_word' id='word_1_793' title='bbox 896 5608 993 5664; x_wconf 89' lang='lat' dir='ltr'>iactant</span> <span class='ocrx_word' id='word_1_794' title='bbox 1009 5607 1060 5665; x_wconf 89' lang='lat' dir='ltr'>sibi</span> <span class='ocrx_word' id='word_1_795' title='bbox 1111 5609 1153 5666; x_wconf 90' lang='lat' dir='ltr'>itis</span> <span class='ocrx_word' id='word_1_796' title='bbox 1167 5610 1367 5682; x_wconf 85' lang='lat' dir='ltr'>praetermissis,</span> <span class='ocrx_word' id='word_1_797' title='bbox 1380 5609 1415 5667; x_wconf 88' lang='lat' dir='ltr'>ad</span> <span class='ocrx_word' id='word_1_798' title='bbox 1428 5611 1493 5667; x_wconf 90' lang='lat' dir='ltr'>iilud</span> <span class='ocrx_word' id='word_1_799' title='bbox 1507 5611 1597 5678; x_wconf 90' lang='lat' dir='ltr'>venit,</span> <span class='ocrx_word' id='word_1_800' title='bbox 1610 5625 1664 5681; x_wconf 90' lang='lat' dir='ltr'>quo</span> <span class='ocrx_word' id='word_1_801' title='bbox 1674 5611 1703 5665; x_wconf 90' lang='lat' dir='ltr'>itt</span> <span class='ocrx_word' id='word_1_802' title='bbox 1714 5607 1829 5680; x_wconf 75' lang='lat' dir='ltr'>prelatis</span> <span class='ocrx_word' id='word_1_803' title='bbox 1839 5619 1893 5662; x_wconf 87' lang='lat' dir='ltr'>cau·</span> 
     </span>
     <span class='ocr_line' id='line_1_59' title="bbox 249 5697 1892 5776; baseline -0.01 -8"><span class='ocrx_word' id='word_1_804' title='bbox 249 5707 464 5774; x_wconf 73' lang='lat' dir='ltr'>,coutumeliam</span> <span class='ocrx_word' id='word_1_805' title='bbox 478 5722 510 5763; x_wconf 87' lang='lat' dir='ltr'>ae</span> <span class='ocrx_word' id='word_1_806' title='bbox 525 5707 709 5765; x_wconf 76' lang='lat' dir='ltr'>liuutauuram</span> <span class='ocrx_word' id='word_1_807' title='bbox 724 5701 988 5762; x_wconf 87' lang='lat' dir='ltr'>tantumlibertatem</span> <span class='ocrx_word' id='word_1_808' title='bbox 1001 5701 1061 5758; x_wconf 88' lang='lat' dir='ltr'>vin·</span> <span class='ocrx_word' id='word_1_809' title='bbox 1110 5702 1171 5776; x_wconf 89' lang='lat' dir='ltr'>pis,</span> <span class='ocrx_word' id='word_1_810' title='bbox 1187 5701 1281 5758; x_wconf 80' lang='lat' dir='ltr'>Routae</span> <span class='ocrx_word' id='word_1_811' title='bbox 1301 5702 1417 5771; x_wconf 89' lang='lat' dir='ltr'>vicinis,</span> <span class='ocrx_word' id='word_1_812' title='bbox 1432 5704 1512 5761; x_wconf 91' lang='lat' dir='ltr'>ambo</span> <span class='ocrx_word' id='word_1_813' title='bbox 1525 5703 1703 5775; x_wconf 87' lang='lat' dir='ltr'>imperatores</span> <span class='ocrx_word' id='word_1_814' title='bbox 1710 5701 1816 5757; x_wconf 88' lang='lat' dir='ltr'>collatis</span> <span class='ocrx_word' id='word_1_815' title='bbox 1828 5697 1892 5769; x_wconf 81' lang='lat' dir='ltr'>signis</span> 
     </span>
     <span class='ocr_line' id='line_1_60' title="bbox 259 5791 1891 5868; baseline -0.006 -9"><span class='ocrx_word' id='word_1_816' title='bbox 259 5801 352 5860; x_wconf 85' lang='lat' dir='ltr'>dicare</span> <span class='ocrx_word' id='word_1_817' title='bbox 363 5800 529 5858; x_wconf 84' lang='lat' dir='ltr'>decreverat.</span> <span class='ocrx_word' id='word_1_818' title='bbox 1111 5791 1891 5868; x_wconf 76' lang='lat' dir='ltr'>ululaverunt.loeoantemeertanlue,inquit,tttaxu·</span> 
     </span>
    </p>
   </div>
   <div class='ocr_carea' id='block_1_5' title="bbox 0 0 2026 6340">
    <p class='ocr_par' dir='ltr' id='par_1_6' title="bbox 0 0 2026 6340">
     <span class='ocr_line' id='line_1_61' title="bbox 0 0 2026 6340; baseline 0 0"><span class='ocrx_word' id='word_1_819' title='bbox 0 0 2026 6340; x_wconf 95' lang='lat' dir='ltr'> </span> 
     </span>
    </p>
   </div>
  </div>
 </body>
</html>
