4017 6350
290 361 357 418 lost
755 352 1031 427 custodientebus
1050 354 1204 414 bdsttdm
1226 356 1259 413 ΙΝ
1278 354 1514 417 tatutdttbtt.
1851 365 1902 424 lost

289 483 426 547 conspectu
437 488 501 529 ntro.
514 470 593 528 Prius
608 484 674 527 uero
688 468 734 527 illc
748 470 873 528 eumdem
887 471 992 536 locum,
1009 469 1090 525 alium
1104 468 1208 533 Airrde
1221 470 1332 541 ejectis,
1346 485 1361 525 a
1373 486 1404 527 se
1416 468 1555 527 civitatem
1569 468 1769 539 denominarit3
1786 486 1840 531 uam
1855 484 1903 533 ten

289 577 376 624 ιιιιιειι
392 567 418 623 in
434 568 514 623 linem
529 566 670 622 citaverat.
687 563 749 620 Hmc
762 573 852 621 autem
866 563 948 619 uerba
964 562 1093 633 leguntur
1144 580 1210 637 pore
1223 565 1386 629 Abrahami,
1400 567 1508 638 generis
1520 567 1605 623 nostri
1618 569 1756 635 auctoris,
1769 567 1861 641 Solyma
1871 587 1904 627 rc-

289 660 315 716 in
343 658 480 725 secundo,
497 658 534 714 nti
561 657 660 714 dictum
683 664 741 723 est,
754 656 857 727 Regum
878 652 959 725 (tto.
982 669 1000 709 u
1025 652 1091 725 top.
1143 658 1265 713 sabatur.
1280 656 1361 713 »ιιι
1372 668 1461 715 autem
1475 659 1502 715 in
1518 658 1589 717 libro
1600 658 1704 734 (idem.
1719 661 1764 716 hb.
1779 675 1812 718 ru
1823 662 1904 720 triete

287 768 346 824 cup.
357 768 410 821 uu,
428 753 461 819 ι,
482 750 510 816 5,
525 748 570 817 l2,
585 751 629 817 lh,
645 746 688 815 tt,
712 749 769 821 to),
783 750 840 804 siue
852 746 989 805 Samuelis
1003 745 1091 803 libro:
1142 748 1235 805 dadai.
1248 765 1307 819 cup.
1323 748 1368 823 ld)
1377 757 1469 806 narrat
1480 749 1590 821 quidem
1600 766 1662 809 ειιιι
1669 752 1905 823 temporehbrabaui

288 846 336 902 sed
352 846 428 915 plura
441 885 449 912 ,
463 860 524 913 num
538 844 573 900 ibi
588 842 615 900 in
631 858 708 899 sacro
729 850 802 901 terto
819 843 1039 912 interponuntur,
1057 839 1092 896 ab
1142 840 1388 898 ablelchisedecbo
1398 840 1576 907 edificatam,
1592 842 1641 899 sed
1655 842 1732 899 addit
1743 844 1776 900 ab
1790 844 1831 899 illo
1840 846 1906 917 appel

288 948 404 1009 utruque
416 936 553 1011 Cypriane
567 945 594 993 et
607 936 747 993 Lactantio
764 934 946 1005 praetermissa
960 939 1034 989 surrt.
1143 941 1196 991 tam
1208 933 1424 1007 Hierosolymam
1434 976 1443 999 ,
1454 950 1516 991 cum
1528 936 1603 1006 prius
1612 945 1808 1007 nuncuparetur
1816 937 1905 1009 Solgns

322 1031 412 1089 Variis
427 1046 509 1105 porro
523 1032 673 1089 rationibus
686 1029 828 1088 abeodem
842 1026 983 1085 uetando
997 1028 1093 1085 conlu-
1177 1027 1358 1099 Hieronymus
1376 1043 1484 1099 puoque
1504 1029 1601 1085 scribit
1612 1044 1703 1086 came
1719 1030 1841 1086 lebusaia
1851 1046 1906 1090 suaa

286 1137 379 1186 tantur
394 1126 493 1193 ludaei,
508 1126 554 1200 qui
571 1126 628 1181 hae
643 1140 696 1181 non
712 1125 746 1181 de
759 1122 885 1191 Christo,
900 1122 948 1179 sed
961 1121 997 1179 de
1011 1121 1091 1179 Salo·
1143 1119 1258 1177 trarisse
1269 1119 1446 1188 vocabulum,
1458 1135 1491 1177 ac
1503 1119 1602 1178 deiude
1615 1138 1630 1176 a
1644 1122 1765 1190 llaride,
1777 1124 1819 1194 qui
1829 1138 1907 1181 rosea

285 1236 368 1279 mone
388 1219 503 1291 intelligi
523 1218 660 1275 uolebant.
678 1216 812 1287 Propheta
832 1216 971 1273 enimuero
990 1214 1026 1271 ιε
1038 1229 1091 1284 eo,
1142 1213 1311 1279 terminavit,
1327 1212 1425 1269 laetam
1440 1212 1525 1271 luisse
1536 1213 1656 1271 iudaicae
1675 1215 1819 1287 prouincia
1834 1225 1908 1275 metra
1963 1233 1964 1236 ¹

286 1316 390 1389 inquit,
415 1314 586 1387 loquebatur,
610 1312 655 1383 qui
679 1326 731 1368 non
754 1318 834 1367 autea
857 1309 931 1367 nasei
955 1308 1090 1377 debebat,
1142 1306 1318 1378 polimrrEn
1331 1307 1404 1378 quod
1418 1308 1508 1365 tecum
1522 1310 1632 1377 templi,
1656 1312 1761 1379 innuit,
1780 1312 1907 1375 emerint

285 1426 366 1485 quam
383 1409 470 1467 Dauid
485 1424 547 1465 eum
562 1406 685 1481 patribus
698 1405 887 1478 reqrrierisset.
909 1405 996 1475 Atque
1011 1412 1090 1459 autea
1141 1399 1276 1471 impensas
1288 1408 1435 1457 structure
1447 1400 1585 1457 Salomoni
1600 1401 1655 1458 lilio
1666 1401 1843 1474 dereliquerit.
1855 1403 1908 1462 tan

285 1516 364 1563 natus
385 1514 443 1560 crat
462 1502 603 1561 Salomon.
627 1500 728 1557 Deinde
748 1498 799 1557 lroe
818 1498 957 1571 propinem
976 1497 1090 1554 oraculo
1140 1504 1201 1547 rose
1215 1490 1350 1562 loseohos
1364 1492 1464 1559 refert,
1479 1509 1540 1565 une
1552 1494 1580 1549 in
1595 1494 1696 1551 Genesi
1709 1495 1908 1551 scribitursden

284 1595 330 1654 ille
344 1610 472 1669 expresse
485 1592 653 1666 designatur,
669 1592 746 1663 crrjus
761 1601 919 1663 perpetuum
942 1590 1014 1647 loret
1035 1589 1089 1647 im·
1140 1583 1192 1641 sub
1205 1598 1268 1656 rege
1282 1582 1477 1641 Melchisedech
1492 1584 1731 1661 (Hieronymus.
1748 1585 1909 1659 litterilnlbi

284 1689 400 1760 perium.
417 1686 475 1744 Non
492 1701 557 1758 ergo
574 1686 597 1741 is
611 1694 653 1741 est
672 1684 820 1751 Salomon,
842 1684 888 1755 qui
910 1682 1088 1755 quadraginta
1139 1679 1415 1751 autemautiquorum
1429 1679 1558 1735 Scelesiae
1570 1679 1681 1737 Patrum
1693 1680 1831 1753 opiniones
1840 1696 1910 1737 recen
1964 1725 1965 1728 ,

284 1788 387 1837 tautum
402 1780 481 1835 aunis
496 1778 628 1851 regnauit.
645 1776 766 1848 Denique
780 1776 947 1833 destruerem
962 1784 1006 1832 est
1020 1784 1089 1831 tem·
1139 1784 1196 1840 εει,
1207 1773 1360 1845 subditique
1370 1774 1478 1847 plures,
1491 1790 1559 1846 utros
1572 1776 1731 1832 nominatim
1743 1775 1862 1849 appellat,
1871 1786 1911 1831 tra·

282 1872 355 1945 plum
370 1872 405 1930 ab
419 1873 565 1930 Salomone
579 1870 752 1927 edificatum.
767 1868 826 1927 Non
842 1870 905 1925 illud
921 1870 1001 1942 igitur
1014 1869 1091 1928 Salo-
1105 1868 1129 1932 Β
1143 1868 1263 1926 didisse«
1277 1868 1474 1925 Melchisedech
1489 1868 1624 1926 hominem
1640 1869 1727 1927 luisse
1745 1868 1910 1936 Clramuauu,

282 1969 389 2033 monia,
406 1967 454 2023 dlii
469 1966 569 2033 Dauid,
586 1964 634 2022 scd
647 1963 748 2021 Christi
763 1963 812 2021 dlii
827 1963 875 2021 Del
891 1962 1022 2033 templum
1035 1963 1086 2020 de·
1139 1978 1229 2035 regem
1243 1960 1318 2019 urhis
1328 1960 1530 2033 hierosolymae,
1540 1978 1601 2035 quae
1611 1963 1731 2035 primum
1741 1963 1910 2034 Salempostca

281 2061 435 2127 notabatur,
450 2059 521 2133 qrrod
537 2058 605 2115 nihil
619 2056 693 2113 aliud
708 2065 768 2125 est,
784 2070 863 2128 eumn
879 2054 990 2113 lundata
1005 2056 1040 2113 ab
1053 2070 1088 2114 eo
1138 2054 1911 2131 Jebus,adextremumierusalemappellatasit(llierergrr.

282 2153 417 2222 Ecclesia,
434 2168 496 2224 quae
510 2167 563 2208 non
578 2150 605 2205 in
621 2150 786 2222 parietibus,
803 2147 851 2205 sed
864 2150 947 2206 eorde
968 2148 1086 2206 bdelium
1138 2149 1213 2221 epist.
1227 2149 1262 2205 ud
1275 2147 1497 2223 Erorrgel.).rSed
1511 2151 1584 2206 siluit
1596 2150 1694 2220 quibus
1707 2150 1863 2221 temporibus
1872 2166 1913 2205 uu

285 2245 426 2303 hominum
441 2246 466 2300 in
483 2251 641 2316 perpetuum
657 2242 834 2314 permanehit.
1138 2250 1224 2297 tatum
1249 2242 1330 2299 inerit
1343 2243 1415 2298 illias
1436 2258 1548 2301 nomen.
1565 2242 1666 2299 beinde
1681 2252 1774 2299 tamen
1798 2242 1912 2313 losephuu

318 2338 407 2395 Simili
430 2352 543 2409 prorsus
567 2336 674 2393 ratione
695 2336 879 2393 Tertullianus
894 2334 1025 2409 (lectuli.
1040 2336 1087 2395 ιιι.
1138 2334 1260 2407 aliosque
1279 2337 1471 2406 reprehendit,
1493 2339 1540 2409 qui
1565 2336 1688 2393 arbitrati
1703 2346 1770 2394 sunt
1780 2336 1913 2393 Salenses

281 2446 311 2487 ιιι
331 2431 390 2487 uda.
413 2431 542 2487 llercior.
567 2446 627 2501 cap.
642 2429 696 2503 ab)
711 2438 806 2486 contra
827 2428 990 2486 biarcioneru
1012 2430 1087 2501 prius
1137 2426 1298 2497 Jerusalem,
1311 2428 1416 2502 hocque
1427 2429 1675 2487 nomenerCraeco
1690 2440 1719 2485 et
1728 2430 1913 2487 liebraieocom

280 2521 598 2597 pugnaremurltaman
627 2521 758 2594 propheta
784 2522 811 2578 in
832 2520 953 2579 secundo
972 2522 1088 2579 Basilia·
1138 2522 1264 2592 positum.
1288 2522 1384 2579 Suidas
1409 2522 1584 2581 nihilominus
1610 2538 1670 2579 earn
1690 2538 1706 2578 a
1728 2523 1912 2581 llelcbiscdecba

279 2628 339 2671 rum
352 2614 422 2689 (haec
437 2615 494 2685 ipsa
509 2624 571 2671 sunt
586 2614 657 2670 illius
671 2613 764 2687 uerba)
776 2612 972 2685 professionem
986 2614 1022 2669 ad
1037 2615 1088 2671 lla·
1139 2613 1306 2671 Hierusalem
1322 2615 1539 2687 cognominatum
1553 2616 1688 2686 opinatur.

279 2708 325 2765 uid
339 2708 403 2765 lacit
415 2707 513 2765 semini
528 2706 603 2779 ejus:
618 2706 696 2776 Quod
718 2708 787 2776 erit,
811 2704 916 2777 inquit,
937 2722 971 2763 ex
992 2716 1088 2763 uentre
1172 2706 1562 2782 submurmurantium
1577 2706 1699 2779 Proepor.
1713 2708 1912 2783 ermperht

279 2804 374 2877 ipsius.
392 2803 448 2860 lloc
462 2802 485 2861 si
501 2804 527 2859 iu
551 2803 724 2861 Salomonem
749 2801 910 2873 simpliciter
932 2801 1086 2869 edisseres,
1138 2801 1198 2858 hacc
1210 2801 1244 2858 ab
1258 2802 1409 2874 Eupolemo
1421 2801 1456 2859 de
1469 2802 1716 2877 hierosolymitano
1732 2806 1849 2877 templo,
1861 2804 1912 2877 quod

280 2898 366 2955 risum
381 2896 448 2953 mibi
463 2896 587 2953 incuties.
605 2895 746 2953 Videbimr
759 2896 830 2953 enim
844 2894 928 2951 barid
945 2894 1085 2967 peperisse
1136 2892 1262 2951 Salomon
1276 2895 1445 2963 construxit,
1460 2894 1558 2952 litteris
1572 2896 1698 2952 mandata
1713 2909 1857 2955 memorat:
1868 2909 1913 2974 ope

277 2991 463 3049 Salomonem.
485 2990 528 3048 An
542 3000 570 3046 et
591 2990 635 3046 bic
656 2988 780 3047 Christus
800 2988 977 3061 signillcatur,
998 3004 1033 3045 ex
1052 3002 1088 3045 eo
1137 2990 1341 3065 eapoproedr'rrrr
1359 2986 1387 3045 tt
1405 2996 1508 3063 πρῶτον
1520 2992 1565 3063 μιν
1575 2992 1605 3047 τὸ
1618 2993 1774 3069 ἀνάκτορ’,
1788 2994 1848 3071 ἱερὸν
1859 2994 1910 3049 tais

277 3094 372 3143 uentre
394 3098 488 3143 semen
510 3082 612 3149 David,
635 3083 680 3155 qui
701 3090 772 3139 essct
793 3096 826 3139 ex
849 3080 949 3149 David,
976 3080 1003 3138 id
1026 3089 1084 3151 est,
1137 3089 1229 3155 ponor·
1255 3079 1404 3160 ὕστερονδὲ
1429 3085 1642 3159 rreprpdoeppbor
1660 3088 1707 3146 τιν
1730 3084 1805 3141 πόλιν
1821 3086 1865 3140 ieri
1879 3091 1911 3139 eri

276 3179 388 3237 blaciae?
401 3178 470 3249 Quin
492 3187 520 3236 et
543 3177 629 3234 aedem
650 3176 696 3234 Dei
718 3177 803 3250 magis
822 3173 946 3233 Christus
966 3174 1085 3233 aedillea-
1137 3175 1206 3256 ἱερεῦ
1220 3173 1387 3252 Ἰερουσαλὴμ
1401 3176 1580 3250 ὀνομασθῆναι.
1593 3177 1646 3233 ὑπὸ
1659 3175 1687 3233 ιε·
1699 3177 1911 3252 τῶνἙιλιιωιεε

277 3281 354 3332 turus
368 3281 458 3341 esset,
473 3272 611 3329 hominem
625 3271 730 3330 scilieet
750 3265 890 3338 sanetum,
912 3270 939 3326 iu
961 3284 1016 3343 quo
1037 3275 1120 3342 poc
1135 3272 1260 3347 ρωνιμως
1273 3269 1438 3349 'trpssdlupa
1450 3271 1577 3346 hdprrdar.
1590 3289 1600 3322 r
1615 3270 1650 3326 ht
1665 3272 1787 3343 primum
1800 3287 1867 3330 sacra
1879 3271 1910 3326 ιιι

277 3366 346 3422 tiore
361 3363 462 3436 templo
475 3362 639 3420 inhabitaret
651 3363 697 3420 liei
712 3363 843 3434 spiritus,
856 3371 884 3420 et
895 3362 922 3419 in
934 3362 981 3419 Dei
995 3360 1081 3420 fllium
1133 3366 1206 3421 :edes
1232 3365 1386 3422 Solomonis
1412 3365 1562 3437 templum,
1588 3368 1725 3424 nominata
1752 3378 1805 3426 cst.
1833 3365 1910 3424 ιιείιι

276 3460 362 3534 magis
376 3460 500 3517 Christus
514 3458 653 3516 habendus
668 3465 758 3526 esset,
773 3473 853 3530 qoam
867 3457 995 3514 Salomon
1011 3458 1081 3514 ilius
1132 3458 1196 3516 urbs
1209 3457 1268 3531 ipsa
1288 3457 1455 3515 Hierusalem
1469 3467 1598 3530 corrupto
1613 3459 1764 3533 vitiatoque
1779 3459 1861 3531 templi
1875 3472 1911 3513 no

277 3551 371 3609 Dauid.
390 3552 510 3623 benique
524 3560 552 3608 et
567 3550 681 3607 thronus
694 3548 721 3606 iu
742 3565 850 3618 aerum,
869 3558 898 3606 et
920 3564 1033 3620 regnum
1051 3549 1080 3606 in
1131 3551 1205 3607 mine
1227 3550 1378 3623 appellata,
1390 3565 1471 3623 priam
1491 3549 1579 3608 Greci
1601 3559 1694 3622 postca
1718 3552 1908 3624 Hierosolymam

276 3659 381 3713 mutum,
405 3645 491 3715 magis
512 3641 621 3700 Christo
643 3642 792 3713 competit,
817 3657 898 3714 quam
922 3639 1078 3712 Salomoni,
1130 3645 1205 3701 aillni
1216 3645 1378 3718 geminoque
1389 3643 1521 3703 uocabulo
1535 3654 1754 3716 nuncuparunt.»
1773 3645 1906 3716 viderprn

276 3737 421 3811 temporali
434 3736 538 3794 seilicet
552 3736 620 3810 regi.
636 3734 690 3794 Sed
713 3744 775 3791 eta
796 3733 906 3791 Christo
925 3733 1080 3792 misericor·
1130 3737 1202 3796 lecto
1223 3754 1277 3796 non
1296 3755 1379 3796 unam
1398 3740 1432 3797 de
1456 3739 1520 3808 illo,
1545 3741 1591 3812 qui
1615 3742 1720 3811 primns
1740 3740 1909 3812 Hierosolyma
1967 3744 1968 3761 ¹

275 3833 319 3892 dia
337 3831 384 3890 bel
400 3847 454 3889 nou
468 3830 616 3888 abscessit:
633 3829 772 3888 Salomoni
789 3844 855 3886 vero
873 3830 955 3886 etiam
976 3828 1016 3886 ira
1030 3827 1079 3885 bei
1129 3847 1277 3904 cognomen
1290 3832 1380 3901 dedit,
1395 3833 1478 3892 luisse
1490 3833 1611 3890 omnium
1623 3833 1909 3904 sententiambactan·
1967 3842 1968 3885 ι

275 3920 836 3997 accessitpostluxuriametidoiolatriam.
847 3921 993 3979 Suscitavit
1005 3922 1079 3978 enim
1130 3929 1222 4002 tioque
1235 3943 1289 3986 non
1303 3927 1422 3985 defuisse
1435 3929 1569 4000 opinionis
1583 3943 1640 3984 sum
1655 3937 1812 4000 patronum.

275 4021 313 4079 illi
329 4019 432 4080 Satban
455 4017 561 4076 hostem
588 4018 746 4074 idumeum.
766 4016 834 4074 Cum
853 4032 920 4088 ergo
941 4016 1009 4074 nibil
1029 4016 1081 4074 ho-
1166 4023 1266 4078 Vcrum
1289 4021 1312 4080 si
1333 4038 1395 4079 curm
1419 4023 1521 4080 erroris
1546 4023 1574 4079 in
1597 4023 1648 4080 hoc
1668 4025 1829 4090 convincas,
1850 4018 1908 4076 lateri

274 4129 335 4171 rum
351 4121 489 4185 competat
500 4111 527 4168 in
540 4111 726 4180 Salomonem,
738 4109 787 4168 sed
801 4110 826 4168 iu
842 4110 990 4177 Christum,
1004 4119 1079 4168 certa
1129 4129 1195 4172 seue
1214 4114 1299 4172 debes
1319 4115 1426 4187 abipso
1440 4131 1494 4171 uon
1510 4116 1634 4173 omnihus
1648 4116 1778 4188 quidem,
1794 4131 1849 4190 que
1861 4127 1907 4184 pro

275 4207 328 4265 erit
351 4206 420 4264 ratio
442 4204 697 4276 interpretationum
723 4209 897 4271 uestrarum,
916 4202 976 4274 ipso
995 4203 1077 4261 etiam
1128 4207 1202 4266 lerre
1214 4215 1336 4279 poterat,
1351 4207 1399 4264 sed
1412 4207 1551 4280 pluribus,
1567 4209 1653 4280 iisque
1666 4209 1828 4266 certissimis
1836 4220 1907 4262 sacro

275 4299 348 4355 exitu
376 4312 467 4354 rerum
491 4295 642 4368 probante,
665 4309 733 4368 qrras
756 4296 782 4352 in
806 4293 943 4352 Christum
966 4305 1080 4369 apparet
1129 4314 1189 4355 rum
1216 4299 1408 4371 prophetamm
1433 4299 1551 4356 oracuha
1575 4302 1642 4356 satis
1667 4301 1779 4372 probari
1803 4301 1867 4364 lere,
1886 4303 1908 4350 ut
1967 4374 1968 4377 Ἴ

278 4389 449 4464 praedicatas.
465 4407 475 4443 ι
490 4387 659 4446 Tertulliano
673 4397 763 4446 autem
779 4396 806 4445 et
820 4387 961 4446 bactautio
983 4399 1078 4446 nostro
1129 4391 1254 4450 Christus
1272 4409 1305 4449 er
1325 4393 1444 4464 uirgine,
1464 4403 1492 4452 et
1514 4393 1622 4450 baridis
1641 4393 1742 4451 lamilia
1764 4400 1905 4450 nasceretur·
1967 4400 1968 4407 ¹

274 4483 441 4556 Augustinus
455 4482 574 4540 concinit
586 4483 597 4554 (
608 4482 727 4555 August,
744 4479 790 4538 ιιι.
807 4497 864 4538 run
881 4480 914 4539 ιε
927 4480 1002 4538 Cirit.
1018 4497 1078 4555 cap.
1129 4483 1185 4543 Nee
1196 4485 1285 4542 minus
1295 4485 1444 4544 luculenter
1463 4487 1511 4544 ille
1532 4486 1703 4546 demonstrat
1722 4486 1906 4558 praenuntiator!
1967 4492 1968 4569 3

275 4575 309 4644 8,
326 4574 341 4648 5
358 4575 403 4646 5),
419 4572 502 4630 etalii
516 4573 722 4646 quamplurimi.
1130 4577 1214 4636 luisse
1228 4588 1357 4635 {eternum
1372 4579 1493 4652 ejusdem
1506 4581 1606 4637 Christi
1617 4580 1724 4638 bomini
1737 4563 1904 4640 sacerdotium.
1967 4588 1968 4615 ι

308 4669 346 4728 ht
363 4669 521 4727 Lactantius
544 4667 638 4744 (brer.
653 4668 721 4724 ibid.
735 4668 781 4724 ιιι.
795 4683 838 4736 ιι,
854 4684 913 4741 erp.
931 4669 966 4724 lb
979 4676 1003 4724 et
1016 4685 1076 4741 rep.
1089 4679 1117 4742 D
1129 4671 1207 4744 Quod
1220 4671 1329 4744 quidem
1341 4671 1398 4746 jam
1411 4673 1619 4730 examinandum
1633 4681 1686 4729 est.
1967 4666 1968 4677 ¹

274 4765 345 4838 ts),
361 4765 464 4836 inquiet
487 4763 600 4820 forsitan
624 4763 738 4835 aliquis,
760 4763 846 4819 multo
870 4763 975 4833 longius
994 4778 1075 4835 quam

274 4859 456 4918 Tertullianus
468 4867 495 4913 et
506 4857 671 4929 Augustinus
682 4855 864 4924 excurrendo,
877 4854 1021 4927 quemdam
1034 4855 1077 4912 el·

272 4952 472 5013 leuditerroris
485 4951 637 5024 scopulum.
653 4949 713 5008 Non
727 4951 802 5009 enim
816 4949 903 5008 selum
918 4949 1077 5024 Hierosoly·
1131 4925 1230 4995 ΨΜ
1256 4926 1440 4999 W'Ph‘ffl'm
1468 4927 1587 4984 ‘’milli'‘
1601 4926 1754 4986 militm
1773 4929 1904 4986 ‘tillim‘

273 5053 404 5110 mitanum
420 5050 550 5122 templum
565 5064 581 5106 a
596 5047 743 5105 Salomone
757 5046 920 5104 {edificatum
935 5045 1020 5104 luisse
1034 5061 1075 5106 ae·
1164 5022 1364 5092 mmmmm
1379 5022 1459 5093 sulm
1470 5023 1651 5096 “misum
1670 5023 1781 5092 (Ῑιιῑιῑῑι
1799 5037 1857 5079 m
1871 5032 1903 5074 ι’·

1425 4822 1574 4865 ffllCULUS
1590 4823 1631 4865 ΙΙΙ.

272 5153 399 5214 severat,
414 5144 463 5202 sed
477 5143 615 5202 civitatem
629 5143 729 5211 etiam,
747 5158 824 5215 quom
848 5143 880 5198 ιιι
903 5142 1006 5198 nemim
1027 5159 1074 5198 aare
1163 5114 1265 5187 '⁵95⁰”5‘
1279 5115 1409 5185 mma
1423 5118 1603 5174 “millim-

274 5241 457 5315 llierompnra
471 5238 638 5312 nuncupauit.
655 5236 737 5308 Atqui
751 5234 809 5293 haec
830 5235 895 5293 urbs
915 5235 995 5308 louge
1014 5243 1077 5293 ante
1163 5229 1234 5286 Satis
1248 5229 1390 5288 Ιιιιιιιιιιι
1404 5247 1458 5288 non
1473 5233 1523 5289 luit
1541 5234 1746 5292 demonstrasse
1754 5250 1831 5308 quam
1839 5227 1901 5288 daris

273 5337 428 5396 Salomonis
442 5347 550 5395 artatem
571 5333 679 5392 condita
700 5345 851 5404 cognomen
869 5345 946 5386 suum
965 5344 1077 5402 accepe-
1127 5330 1155 5380 et
1167 5323 1303 5394 expressis
1316 5339 1455 5382 sacrorum
1468 5326 1663 5399 prophetarum
1672 5329 1789 5386 oraculis
1801 5339 1901 5401 pretor

272 5440 325 5488 rat.
338 5429 405 5488 llam
421 5437 451 5485 ut
463 5429 621 5486 emittamus
635 5425 708 5482 illius
722 5421 888 5479 mentionem
900 5422 928 5478 in
941 5421 1017 5480 libris
1029 5421 1077 5478 lo·
1127 5413 1207 5472 tiatus
1219 5414 1301 5472 luerit
1313 5417 1443 5474 mirabilis
1458 5419 1537 5489 plane
1550 5417 1651 5476 Christi
1665 5437 1698 5477 ex
1712 5421 1815 5494 virgine
1826 5429 1849 5476 et
1859 5415 1900 5472 ba·

271 5535 321 5580 sue
334 5532 362 5579 et
375 5520 499 5580 Judicum
520 5519 619 5590 sapius
632 5516 690 5573 lieri
711 5513 818 5590 (derue,
832 5530 890 5587 cap.
905 5531 943 5585 x,
958 5530 1004 5582 ιιι,
1019 5528 1074 5582 ru,
1125 5511 1196 5568 vidis
1208 5509 1308 5568 lamilia
1330 5522 1418 5568 ortus.
1435 5513 1533 5569 Verum
1554 5513 1726 5586 progreditur
1745 5514 1865 5575 ulterius,
1880 5514 1901 5562 ιι

271 5615 361 5673 ludio.
384 5633 443 5688 cop.
456 5631 475 5684 ι,
490 5612 576 5688 ιιι),
590 5612 724 5683 iosephus
739 5608 865 5686 (loseph.
888 5610 934 5667 ιιι.
949 5624 1002 5678 ru,
1017 5609 1072 5664 dn-
1126 5605 1557 5664 ostenditnonminuslueulentcr
1568 5605 1603 5662 ab
1614 5606 1667 5664 illis
1680 5603 1899 5679 predictumluissr

273 5709 348 5782 tiqui.
362 5725 422 5782 erp.
438 5706 466 5774 ι,
480 5707 516 5778 5)
530 5716 623 5762 narrat
640 5702 873 5776 Hierosolymam,
885 5699 1071 5778 Ἱεροσόλυμα,
1125 5700 1319 5773 sempiternum
1330 5702 1390 5776 ejus
1402 5703 1592 5761 sacerdotium.
1615 5702 1735 5761 Primum
1759 5706 1842 5776 tuque
1853 5710 1899 5770 om

273 5805 379 5870 captam
394 5797 477 5854 luisse
490 5811 505 5852 a
519 5796 639 5862 baside,
652 5809 684 5851 ac
696 5802 790 5866 postea
804 5795 989 5851 instauratam.
1003 5792 1072 5850 Tum
1124 5795 1172 5854 hat
1183 5793 1322 5869 (laetum.
1336 5797 1382 5854 tit.
1396 5813 1435 5866 ιι,
1447 5814 1506 5872 cop.
1523 5796 1574 5871 tt)
1593 5796 1660 5853 illud
1675 5797 1754 5869 plane
1775 5798 1897 5870 precante

275 5891 373 5954 deiude
387 5891 447 5948 hare
460 5889 581 5948 addidit:
594 5906 605 5942 r
617 5887 700 5959 igitur
714 5889 818 5960 primus
839 5885 924 5944 David
942 5884 1074 5944 lehusmis
1127 5897 1183 5944 tum
1198 5886 1283 5945 luisse
1300 5888 1343 5949 bis
1361 5887 1563 5962 Psalmographi
1578 5888 1683 5947 uerbis:
1697 5889 1762 5946 date
1775 5887 1897 5959 Lucifera
