4017 6350
117 307 170 371 titi
428 307 585 369 utssuut.
606 306 640 364 tu
659 305 725 365 utu.
748 304 792 365 DE
810 304 984 365 montibus
1005 304 1198 367 subsecuti.
1219 307 1296 365 CbP.
1318 308 1387 366 xiil.
1721 314 1775 371 bib

115 426 175 485 diui
186 429 310 501 Adriani,
326 430 373 491 sed
389 445 441 489 noa
465 431 577 488 mulium
592 428 744 497 miraberis,
759 428 782 485 si
797 427 914 485 Probum
929 428 1032 493 Acere
1051 427 1143 499 liceat,
1160 428 1284 487 dicemus
1309 431 1351 485 bis
1374 429 1464 488 uerbis
1487 430 1631 505 signilleari
1651 434 1773 507 Equiria,

115 524 232 597 cogitas,
261 526 459 583 aalolesorntam
473 542 537 582 rere
562 526 711 597 probum.»
736 522 837 581 Contra
852 536 917 579 vero
968 537 1031 593 quse
1043 522 1112 581 lesia
1124 530 1203 580 erant
1216 524 1257 579 sie
1275 524 1467 594 cognominata
1486 526 1521 581 ab
1540 542 1672 597 equorum,
1686 535 1715 582 ut
1735 527 1774 581 ait

116 614 243 675 Galerius
263 628 308 675 aut
318 662 325 687 ,
337 620 359 676 si
373 619 448 687 uelis,
461 619 593 694 impulsus
607 619 641 675 ab
665 618 711 675 illo
736 616 918 675 Diocletianus
970 614 1056 671 Varro
1067 614 1240 691 (barabba
1251 618 1284 672 de
1294 615 1372 688 Liuq.
1384 617 1449 691 iai.)
1462 633 1549 674 curru.
1566 617 1607 675 Ea
1619 620 1699 686 euim,
1711 634 1773 691 per-

117 710 183 767 ieeit
202 712 374 779 blaximiuum
401 712 536 769 tribunum
565 710 748 767 adolescentem
771 708 916 782 quemdum,
969 707 1008 779 git
1018 707 1073 775 ille,
1084 707 1126 763 die
1139 717 1246 764 currum
1261 708 1317 781 equi
1331 709 1359 763 iu
1372 726 1462 783 campa
1474 708 1581 766 blmtio.
1597 708 1694 767 Festus
1705 724 1772 767 reru

117 803 190 861 sieut
207 806 244 861 uit
256 804 372 863 cecilius
386 806 455 879 (rap.
472 805 530 877 tit),
551 804 762 870 semibarbarum,
776 811 857 873 atquo
880 800 917 855 ita
969 800 1095 857 observat
1114 798 1194 856 ludos
1205 815 1265 857 ease
1284 816 1348 873 quoa
1367 800 1494 857 Romaim
1509 801 1589 857 blarti
1603 803 1712 857 instituit
1727 818 1773 871 per

118 897 146 954 in
162 900 345 970 manuscripto
357 900 459 956 codice.
482 898 614 954 Eurrdrius
635 906 725 953 tumeat
749 895 800 967 legi
826 892 918 949 mallei
970 909 1092 965 equarum
1110 908 1232 959 rursum,
1247 893 1292 964 gari
1310 894 1444 965 inrumpo
1462 893 1558 949 Murrio
1577 895 1770 952 exercebamur.

116 991 326 1059 semibarbarum,
344 992 405 1064 quia
419 990 515 1049 Cicero
531 991 644 1062 iuvenes
659 997 737 1045 nouat
750 986 915 1045 barbatulos.
970 985 1055 1057 (Fert.
1071 986 1116 1042 lib.
1131 984 1241 1042 deamb.
1258 984 1349 1058 Signis
1358 988 1392 1041 ad
1406 1003 1430 1042 a.
1444 986 1574 1058 Equiria).
1591 989 1669 1045 Prius
1681 998 1771 1045 autent

118 1082 205 1143 Recte
216 1085 324 1159 quidem
341 1085 508 1153 barbatulos,
529 1087 576 1142 sed
591 1100 645 1141 non
660 1082 867 1140 semibarbaras.
884 1080 918 1136 llt
969 1081 1080 1139 Ouidius
1093 1080 1189 1137 cecinit
1203 1080 1259 1153 (lib.
1277 1095 1297 1134 ιι
1315 1080 1419 1135 b'aaior.
1433 1081 1461 1135 iu
1474 1082 1550 1152 bum:

119 1178 239 1235 Ceoilins
251 1178 356 1236 ridetur
370 1178 541 1235 blaximinum
556 1177 657 1233 idcirco
671 1174 821 1247 appellasse
837 1172 919 1228 semi·
1015 1174 1122 1237 lamque
1133 1174 1189 1225 darae
1200 1179 1295 1225 restant
1307 1180 1393 1225 nomes
1403 1174 1436 1225 de
1447 1188 1534 1225 meuse
1544 1176 1662 1238 seeundo,

119 1270 267 1327 barbarum
279 1288 288 1339 ;
302 1272 364 1345 quia
378 1286 464 1343 nuper
476 1270 598 1327 sublatus
611 1268 721 1324 saerata
736 1263 878 1338 peroribus
892 1270 919 1319 at
1016 1236 1638 1364 huefflusoeiffilggffifflrpiblzsffi‘ffitlm·

119 1365 217 1439 sylvis,
230 1366 273 1437 qui
295 1382 375 1439 aegrae
395 1365 523 1429 militiam,
536 1364 623 1435 pergit
642 1361 699 1430 ille,
712 1374 792 1431 neque
812 1372 918 1429 remprr·
1048 1334 1316 1424 Quaedeusinrampo
1327 1313 1442 1426 prospieqrt
1456 1362 1576 1425 ipsesuo.
1601 1336 1610 1361 ’

119 1457 216 1514 blicam
228 1458 313 1525 taret,
324 1458 381 1531 jam
393 1473 444 1513 uorr
459 1471 590 1528 pecorum,
599 1454 644 1511 aed
655 1452 764 1509 militum
775 1458 871 1521 partor.
972 1444 1007 1503 lli
1018 1445 1100 1517 igitur
1110 1444 1176 1512 ludi,
1187 1444 1250 1517 quia
1260 1442 1338 1499 Marti
1358 1443 1439 1500 dicati
1449 1454 1537 1511 erant,
1548 1445 1575 1501 in
1591 1459 1688 1517 campo
1703 1445 1774 1501 blar-

157 1551 286 1621 Quamuis
307 1562 398 1608 autern
412 1551 491 1623 plane
516 1547 641 1621 indignus
664 1554 746 1612 esset,
762 1543 807 1615 qui
824 1547 918 1597 contra
971 1542 1236 1609 tioeelebrabautur,
1249 1548 1364 1598 exeunte
1375 1540 1525 1596 Februario
1545 1555 1649 1607 mense,
1670 1540 1708 1594 uti
1720 1554 1774 1596 nou

117 1658 225 1701 morem
243 1652 272 1701 et
293 1643 415 1700 instituta
442 1644 575 1715 majorum
599 1639 632 1711 ad
655 1636 738 1695 bosoe
758 1632 918 1708 dignitatum
970 1636 1059 1693 solum
1072 1636 1107 1689 ab
1117 1632 1225 1703 Ouidio,
1244 1632 1294 1690 sed
1313 1635 1341 1689 in
1362 1632 1480 1701 antiquis
1498 1632 1580 1689 etiam
1603 1632 1775 1689 llalenrlariis

117 1738 343 1812 gradusrepeate
363 1736 540 1795 evelleretur:
557 1734 644 1791 laetus
673 1740 715 1789 est
742 1728 917 1787 nibilominus
972 1728 1240 1804 Romanis(llaiead.
1265 1727 1775 1801 ilomau.iom.urrrbntiquitdiomaa.)

119 1834 245 1908 postridie
256 1833 352 1903 cara,
377 1834 415 1890 ait
434 1832 561 1899 Ceoilius,
575 1838 655 1901 atque
669 1828 767 1901 accepit
789 1826 919 1883 Orientem
932 1834 958 1895 Β
972 1834 1094 1881 natatum
1110 1823 1233 1895 legimus.
1245 1821 1340 1879 Nonne
1355 1831 1444 1877 antem
1465 1835 1530 1877 uero
1542 1823 1609 1875 satis
1627 1818 1715 1875 simile
1733 1828 1777 1875 est

117 1925 273 1983 calcantium
288 1936 312 1983 et
325 1926 518 1983 couitrandum.
530 1924 654 1982 Galerius
667 1924 766 1996 quippe
777 1920 863 1983 illurn,
879 1918 918 1974 uti
971 1920 1064 1978 Ceeilii
1077 1919 1163 1975 nostri
1174 1916 1264 1973 ueritis
1275 1915 1409 1988 designari
1419 1915 1491 1971 bunc
1505 1914 1677 1987 Equiriorum
1688 1912 1774 1981 diem,

117 2021 267 2094 Eutropius
293 2031 321 2079 et
349 2020 475 2079 Socrates
503 2025 625 2084 narrant,
651 2016 771 2089 praeieeit
801 2011 919 2082 Orienti,
971 2028 1025 2086 qua
1036 2012 1099 2083 equi
1110 2012 1136 2066 in
1147 2008 1360 2080 eampoblartio,
1372 2008 1449 2079 eujus
1460 2008 1586 2079 frequens
1598 2005 1669 2077 apud
1682 2004 1775 2077 Scrip-

116 2130 201 2188 quem
218 2124 311 2187 postea
332 2115 428 2172 Gotbis
451 2113 573 2171 barbaris
596 2112 721 2183 stipatus,
743 2107 919 2181 quemadmo·
972 2112 1047 2161 tores
1070 2102 1187 2168 mentio,
1204 2117 1287 2159 eursu
1302 2102 1424 2157 exerceri
1437 2099 1571 2157 solebant.
1595 2098 1775 2168 Nobisporru

116 2208 183 2265 dum
204 2206 317 2265 Caeilius
339 2206 474 2281 loquitur,
498 2205 607 2263 ludibrio
628 2204 745 2277 pessime
768 2202 796 2259 in
823 2215 922 2257 manu·
973 2197 1016 2253 bis
1041 2194 1204 2266 subjungere
1226 2194 1307 2250 lieeat
1320 2192 1441 2265 Gregorii
1462 2191 1630 2249 Turonensis
1652 2190 1773 2262 (Gregor.

118 2302 224 2374 scripto
237 2301 329 2359 codice
341 2300 453 2357 indibria
463 2298 560 2355 babuit.
972 2286 1072 2343 Turon.
1093 2286 1137 2343 lib.
1162 2302 1181 2343 tt
1206 2286 1297 2342 biator.
1313 2284 1346 2341 de
1356 2283 1466 2351 Frauc„
1484 2282 1561 2357 529)
1577 2294 1699 2354 tempore
1722 2296 1775 2338 uo-

156 2396 289 2453 l‘rartereu
302 2393 426 2451 Galerius
435 2392 497 2449 buia
507 2392 691 2449 semibarbara
706 2386 819 2455 bomini,
836 2385 920 2443 tantis
972 2395 1036 2437 men
1046 2380 1135 2449 campi
1148 2377 1234 2435 blartii
1247 2376 1335 2435 adbuc
1350 2376 1433 2433 luisse
1456 2378 1482 2432 in
1497 2391 1558 2432 asu.
1572 2374 1719 2447 llaeigitur
1730 2372 1776 2429 die

118 2488 299 2562 dignitatibus
313 2495 407 2543 eontra
433 2495 519 2543 statas
541 2486 615 2557 leges
637 2494 727 2551 arrato,
749 2484 878 2553 primum,
894 2486 923 2535 et
972 2472 1133 2529 blariminus
1148 2471 1174 2527 ia
1185 2486 1282 2541 eampo
1297 2469 1402 2536 llartio,
1415 2468 1460 2540 qni
1471 2468 1497 2525 in
1520 2466 1651 2540 AEgpptn,
1663 2467 1705 2523 rel
1721 2465 1775 2536 Sy·

118 2582 301 2639 Constantino
317 2580 414 2653 llagno
426 2578 574 2636 secundum
598 2575 713 2635 Caesaris
728 2576 816 2633 locum
836 2572 920 2629 dedit.
973 2568 1029 2637 ria,
1042 2568 1081 2623 uti
1102 2582 1136 2625 ex
1155 2565 1333 2637 sequentibus
1358 2563 1451 2621 cecilii
1474 2563 1559 2619 nostri
1580 2562 1662 2633 (cap.
1675 2558 1726 2626 52,
1740 2558 1776 2614 35

121 2672 314 2733 Verunrtamen
325 2672 428 2730 Licinio
439 2672 601 2744 imperatore
615 2677 779 2741 nuncupato,
790 2675 863 2723 tanta
876 2678 922 2720 su·
974 2670 998 2717 et
1026 2660 1078 2732 bb)
1103 2658 1194 2714 verbis
1213 2658 1359 2731 colligitur,
1381 2657 1449 2713 situs
1473 2652 1640 2722 erat,iaetus
1662 2663 1703 2708 est
1724 2650 1776 2706 im-

121 2768 221 2843 perbus
245 2767 290 2825 ille
302 2766 462 2825 blaximinus
474 2764 577 2823 exarsit
601 2762 757 2827 iracundia.
774 2768 803 2817 ut
816 2774 846 2816 aa
860 2757 920 2815 Cat·
974 2768 1093 2831 perator.
1106 2756 1135 2814 Si
1155 2770 1261 2827 quares
1278 2770 1332 2825 quo
1348 2766 1430 2819 annu,
1447 2749 1673 2825 respondebimus
1697 2761 1770 2802 urano

121 2876 230 2927 sarem,
246 2870 274 2919 et
287 2860 368 2917 tertio
389 2860 449 2916 loco
465 2857 614 2931 nuncupari
630 2863 810 2929 aspernatus,
831 2852 864 2909 ad
879 2866 923 2908 su·
974 2850 1039 2919 510,
1050 2848 1112 2923 quia
1125 2858 1189 2905 tnnc
1199 2847 1323 2906 Galerius
1334 2846 1481 2912 decimum,
1496 2846 1534 2901 uti
1549 2842 1649 2900 ibidem
1667 2840 1777 2909 scripsit

122 2954 226 3011 niureru
254 2962 373 3009 mentem
398 2968 449 3009 nee
467 2950 573 3025 legatis,
589 2964 640 3007 nee
654 2948 778 3022 precibus
801 2944 922 3018 ejusdem
976 2948 1104 3014 cecilius,
1119 2954 1284 3003 etesiarum
1298 2943 1404 3015 imperii
1416 2942 1458 3000 sui
1469 2954 1568 2997 antrum
1579 2937 1685 3009 agebat.
1698 2937 1777 2992 Anno

122 3049 223 3107 Galerii
235 3048 353 3120 potuerit
373 3062 501 3119 umquam
514 3046 646 3102 reuocari.
663 3044 739 3099 Tunc
759 3044 848 3112 itaque
868 3038 921 3096 Ga·
975 3052 1066 3099 autem
1080 3035 1339 3109 subsequentem,
1350 3032 1531 3100 ulleSardica,
1547 3024 1775 3103 quemadmodum

124 3141 220 3201 lenium
233 3142 358 3215 paenituit
378 3139 454 3198 illurn
472 3139 570 3196 iecisse
582 3136 728 3204 Caesarem,
752 3134 801 3192 sed
812 3132 921 3190 laustra.
976 3134 1105 3200 diximus,
1119 3140 1244 3188 mortuus
1254 3138 1306 3186 ost.

124 3237 191 3295 llum
202 3237 364 3294 llariminus
377 3235 415 3293 illi
430 3233 601 3309 postmodum
612 3231 750 3302 rescripsit
764 3245 794 3286 se
808 3229 835 3286 in
848 3223 960 3289 eam-G
1273 3233 1420 3277 autrannus
1438 3234 1479 3276 ιιι.

126 3349 160 3408 po
187 3334 293 3406 barrio,
319 3332 443 3407 proxime
467 3330 616 3398 celebrato,
632 3337 815 3400 nuncupatum
841 3324 923 3383 luisse
976 3315 1112 3387 Quomodo
1123 3313 1283 3370 blaaimiaur
1293 3322 1350 3382 port
1358 3310 1456 3366 Galerii
1466 3315 1574 3364 arariam
1587 3307 1613 3361 in
1629 3302 1775 3378 prouinciae

126 3431 284 3503 Augustum.
302 3429 331 3490 Si
355 3429 437 3486 aliurn
458 3427 571 3499 liuiusce
595 3423 803 3495 nuncupationis
827 3429 923 3478 testem
1009 3406 1130 3464 §aradae
1144 3405 1263 3473 molitur,
1278 3419 1366 3473 pacem
1379 3418 1437 3456 cum
1448 3399 1547 3456 Licinio
1564 3398 1663 3470 irrata,
1679 3411 1775 3451 acrata-

126 3522 284 3590 desidepes‚
301 3523 348 3579 ribi
362 3521 441 3578 tacite
454 3519 562 3576 dabitur
573 3516 716 3584 Eusebiae,
727 3514 772 3586 qui
783 3514 840 3572 haec
853 3513 925 3571 time.
1011 3497 1294 3570 tulcritirtdulgeratr'am
1308 3495 1461 3552 camariana
1480 3491 1617 3549 cummuni
1629 3490 1714 3546 tutelo
1729 3490 1775 3542 da·

127 3617 165 3674 ris
179 3615 319 3674 mandarit
332 3615 492 3688 :Postquam
502 3613 620 3670 Licinius
630 3609 924 3682 Angustusdeolaraius
1013 3604 1076 3663 lim,
1090 3611 1137 3649 ΝΥ
1150 3593 1295 3650 listldilei
1309 3588 1446 3655 erumnam,
1462 3585 1579 3642 ‘indidi‘
1598 3581 1777 3655 iiiimbdt'iii

126 3718 168 3767 est
179 3727 186 3765 :
198 3716 286 3768 ταῦτα
298 3707 527 3785 Μαξιμῑνωδςψῶς
540 3707 635 3768 tripu,
647 3705 720 3779 μόνον
730 3705 846 3778 Καίσαρα
855 3704 927 3781 παρὰ
1013 3699 1129 3755 ornatos,
1139 3687 1231 3758 ubique
1240 3681 1398 3741 constituerit
1410 3680 1567 3753 jusseritque
1573 3674 1780 3734 Christianorum

126 3806 229 3862 abaram
239 3805 317 3861 eiciar
329 3804 387 3860 rire
402 3803 604 3880 χρηματίζοντα,
620 3793 648 3860 ὃς
661 3795 689 3854 tt
705 3791 750 3852 aira
767 3795 927 3871 sipiritum
1014 3783 1129 3838 mutilari
1143 3781 1263 3847 membra,
1276 3790 1298 3836 et
1311 3777 1411 3833 uenalia
1429 3775 1516 3848 orrruia
1528 3771 1652 3828 ammaim
1665 3786 1682 3826 a
1694 3785 1781 3826 aucer-

126 3899 269 3976 ruparrrurbe
293 3895 338 3958 ὧν.
351 3895 525 3974 παραρπὰσας
548 3893 686 3967 ἕαυτῷτήν
701 3889 782 3956 ἀξίαι,
799 3886 927 3950 aramei:
1014 3874 1380 3935 dotibuaetbm'cu'sirrraroluri.

128 3987 156 4051 ir
171 3991 248 4053 ababa
273 3987 312 4066 ὑφ’
327 3988 418 4044 ἑαυτοῦ
439 3987 548 4062 prpe-rire
565 3981 670 4057 (Eureb.
687 3981 731 4036 lib.
754 3994 802 4036 rttt
823 3977 927 4036 llirtur.
1017 3972 1066 4030 bbi
1091 3972 1206 4044 primunr
1224 3968 1259 4024 de
1281 3967 1380 4024 Galerii
1404 3972 1492 4020 morte
1511 3961 1621 4018 nuntius
1635 3957 1780 4016 blaximino

128 4084 231 4152 eccles,
252 4101 310 4156 cap.
328 4083 385 4156 lb).
409 4099 420 4136 r
441 4081 518 4151 Quian
540 4078 648 4152 quidem
675 4076 835 4134 Maximinus
856 4089 929 4146 augre
979 4065 1079 4120 allatus
1099 4071 1151 4129 est,
1176 4069 1232 4116 turn
1250 4059 1296 4115 ille
1312 4058 1434 4131 protinus
1447 4052 1600 4119 advolarit,
1623 4057 1654 4106 ut
1673 4048 1782 4120 prouin-

128 4177 273 4235 admodum
289 4177 357 4244 tulit,
369 4176 414 4249 qui
428 4176 560 4230 basianus
571 4171 662 4228 Grnsar
674 4170 814 4226 dumtaxat
826 4166 860 4222 ab
871 4180 928 4222 om·
979 4157 1036 4213 ⁰5³⁸
1060 4165 1087 4211 et
1109 4154 1199 4210 omnib
1223 4151 1257 4208 id
1283 4150 1380 4206 fliium
1393 4161 1477 4219 usque
1488 4143 1716 4201 Cbaleedouiaum
1729 4140 1781 4198 *ilbi

130 4271 210 4328 nibus
222 4267 549 4344 aqrpetiabarariberrga
560 4279 615 4334 prae
624 4264 729 4322 autoris
742 4259 930 4333 tyrannicum·
980 4249 1139 4306 vindicaret.
1152 4247 1291 4318 ingressus
1304 4245 1394 4313 itaque
1408 4242 1434 4295 in
1447 4239 1610 4309 Eitbpniam,
1622 4235 1655 4292 ad
1670 4244 1782 4307 cantau-

130 4355 926 4442 goniopraulitus,Augustusasenretipsorenuntiutusest.»
980 4343 1043 4400 dam
1064 4339 1156 4412 populi
1175 4336 1410 4399 benevolentiam,
1432 4346 1544 4389 censum
1565 4328 1639 4385 illico
1659 4326 1782 4383 sustulit.

165 4462 219 4520 Sed
234 4462 269 4520 ibi
285 4462 374 4517 laeum
388 4473 441 4514 non
451 4455 585 4526 designat,
597 4454 623 4508 in
632 4465 686 4523 quo
695 4463 849 4520 supremam
860 4447 931 4503 bano
981 4437 1051 4494 Tarm
1064 4432 1233 4491 deindeeum
1246 4430 1340 4486 oborta
1350 4434 1423 4484 esset
1434 4427 1504 4482 irrter
1519 4422 1595 4480 illum
1608 4432 1636 4481 et
1650 4421 1784 4479 Licinium

130 4556 244 4630 Augusti
274 4562 432 4626 potestatem
460 4550 510 4607 sibi
539 4546 683 4619 arrogavit.
711 4542 828 4601 Cecilius
853 4555 931 4598 aero·
982 4528 1129 4596 discordia,
1145 4541 1215 4599 pene
1228 4525 1262 4581 ad
1276 4537 1351 4581 arma
1364 4523 1446 4578 irere.
1462 4517 1515 4577 Serl
1527 4519 1610 4575 certis
1623 4516 1784 4575 conditioni-

132 4662 225 4708 noster
247 4651 327 4721 (cap.
343 4644 394 4716 bil
413 4644 515 4701 diserte
534 4638 623 4696 dixit:
639 4635 673 4692 lu
699 4651 790 4707 campo
816 4631 930 4700 blartia,
945 4617 972 4680 D
985 4627 1035 4683 bus
1054 4623 1143 4681 ioedus
1161 4630 1189 4679 et
1203 4635 1253 4692 pax
1277 4620 1304 4674 in
1319 4617 1414 4676 eudem
1429 4615 1498 4672 laeto
1511 4611 1721 4674 chalcedonica.
1734 4623 1785 4667 seu

131 4742 249 4815 proxime
260 4739 395 4797 celebrato.
410 4735 475 4806 Quis
485 4740 575 4789 antem
588 4731 624 4789 sit
634 4729 679 4786 ille
688 4739 799 4798 campus
808 4724 930 4792 bertius,
984 4719 1100 4777 Tbracio
1114 4725 1160 4774 aut
1172 4714 1311 4786 Bosphoro
1323 4729 1385 4771 curn
1398 4722 1512 4784 utroque
1524 4717 1602 4782 paeto
1623 4715 1676 4764 est.
1699 4702 1786 4774 buius

132 4853 186 4894 non
217 4834 327 4890 minima
357 4833 427 4888 inter
452 4827 573 4886 eruditos
597 4821 771 4881 contentione
798 4825 930 4876 certatur.
983 4821 1075 4870 autem
1090 4807 1249 4881 pacisque
1265 4814 1357 4875 postea
1371 4816 1447 4878 rupta
1463 4803 1527 4871 luit,
1542 4798 1675 4859 Eusebius
1689 4795 1786 4853 merui·

133 4928 296 4986 Existimant
306 4925 376 4982 enim
398 4921 518 4980 nonnulli
530 4932 591 4976 eum
603 4917 643 4974 sic
662 4912 789 4988 appellari
807 4908 932 4966 amulii·
984 4904 1025 4962 nit
1037 4901 1094 4981 (lib.
1110 4917 1138 4958 rx
1149 4901 1240 4955 bisiae
1258 4897 1348 4954 melea.
1362 4913 1420 4969 cap.
1433 4895 1489 4969 lb).

133 5024 227 5080 tudine
247 5018 385 5076 bominum
401 5018 446 5090 qni
463 5015 526 5072 illue
541 5021 588 5068 aut
607 5008 736 5075 muneris,
753 5012 801 5062 aut
811 5003 934 5062 venatio·
1021 4995 1151 5055 Securior
1164 4993 1228 5050 inde
1249 4993 1335 5050 lactus
1356 4991 1532 5057 Maximinus,
1554 4996 1734 5054 reversusque
1755 4979 1784 5038 in

133 5119 187 5184 nis,
200 5124 247 5172 aut
258 5112 382 5170 ludorum
393 5124 474 5168 eausa
484 5105 664 5165 confluebant.
678 5101 729 5159 biii
740 5097 860 5172 phrasim
871 5110 933 5154 esse
986 5090 1148 5160 Orientem:
1163 5087 1198 5144 lu
1208 5088 1356 5161 priadqab
1367 5084 1494 5148 cecilius,
1507 5079 1692 5151 indulgentiam
1702 5075 1788 5132 ebria·

134 5211 207 5268 illius
223 5207 362 5279 temporis,
375 5218 426 5276 qua
446 5199 646 5272 significabatur
655 5194 714 5252 dies
736 5191 875 5254 solemnis,
887 5195 934 5246 aut
987 5186 1064 5243 timia
1076 5183 1205 5242 communi
1218 5183 1295 5238 tutela
1315 5183 1402 5236 datam
1425 5177 1502 5244 tollii,
1519 5174 1544 5230 id
1558 5183 1611 5244 est,
1625 5171 1734 5230 sustulit
1747 5168 1790 5226 la·

134 5304 255 5369 comitia,
280 5301 378 5371 quibus
397 5297 558 5354 creabantur
577 5290 714 5348 consules.
735 5285 848 5358 Quidum
868 5297 935 5342 aero
987 5282 1115 5339 cultatem
1127 5293 1208 5352 quam
1224 5277 1363 5344 Galerius,
1379 5275 1451 5330 sicut
1470 5270 1551 5343 paulo
1565 5276 1645 5325 antea
1659 5265 1791 5322 observa·

97 5441 100 5446 Α
135 5395 281 5470 opinantur
293 5391 405 5449 indicari
419 5388 490 5444 diem
510 5385 736 5454 solemnemque
750 5379 859 5444 milites,
875 5377 935 5438 sire
988 5375 1102 5440 bamus,
1127 5371 1184 5446 jam
1215 5371 1362 5428 moriturus
1395 5362 1550 5423 cbristianis
1577 5359 1690 5421 dederat
1721 5356 1793 5414 edi·

136 5484 340 5551 exercitii,sire
360 5479 468 5536 alterius
483 5477 521 5533 rei
546 5475 664 5531 oausain
686 5487 769 5528 unum
789 5485 937 5546 congrega·
991 5467 1089 5527 beandi
1114 5463 1259 5532 ecclesias,
1283 5470 1311 5518 et
1345 5473 1422 5515 suam
1445 5451 1589 5528 pmiitendi
1617 5449 1788 5522 religionem.

138 5577 312 5642 bantanblii
332 5575 439 5634 tandem
463 5571 523 5628 bae
536 5565 791 5640 interpretanturde
811 5567 936 5622 milliari·
990 5564 1130 5622 Testatum
1150 5572 1217 5616 reru
1241 5549 1376 5614 Eusebius
1400 5547 1466 5622 (lib.
1490 5562 1519 5603 rx
1546 5543 1647 5601 llirtor.
1674 5540 1791 5609 Ecetra,

137 5675 191 5733 bus
201 5669 331 5737 comitiis,
345 5665 442 5740 quibus
461 5664 560 5721 milites
581 5672 662 5731 atque
679 5657 814 5715 exereitus
838 5656 940 5712 lustra·
990 5674 1051 5729 rap.
1063 5654 1100 5728 l)
1121 5653 1187 5711 iaeit
1200 5645 1373 5709 blaxiurlnum
1398 5657 1493 5700 ausum
1515 5639 1624 5713 quidem
1638 5651 1693 5694 non
1707 5632 1793 5690 luisse

139 5768 255 5833 barrius,
283 5761 506 5833 quotiescumque
535 5755 682 5825 imperator
707 5748 828 5821 iubebat
857 5745 940 5804 Nobis
992 5749 1055 5807 buie
1067 5747 1173 5814 edicto,
1186 5742 1259 5817 quod
1274 5750 1364 5796 tamen
1379 5737 1431 5809 ipsi
1454 5734 1631 5806 displicebat,
1646 5729 1733 5803 palam
1747 5740 1796 5784 re·

143 5850 551 5914 serosibisomnibuanostrus
571 5859 679 5920 quoque
692 5839 941 5912 conjecturasadii·
994 5839 1103 5916 lragari.
1117 5839 1287 5910 Quapropter
1309 5831 1382 5890 nulla
1408 5826 1536 5902 deinceps
1557 5823 1638 5898 buius
1656 5817 1737 5880 edicti
1750 5817 1801 5876 lta·

1995 5812 1997 5831 ¹
