4017 6350
290 310 344 371 aar
986 305 1238 369 rsutteauunt
1872 317 1909 376 a,

289 431 351 488 loco
364 429 559 492 audiverimus:
576 425 643 484 illud
652 439 715 483 nero
729 425 763 482 ad
776 426 950 482 AEmiliauum
966 442 1021 483 non
1034 441 1085 482 so-
1098 427 1126 488 Δ
1137 425 1236 480 scilicet
1250 426 1389 499 imperator
1401 425 1430 480 irs
1439 426 1609 501 capicitatem
1622 425 1743 480 dacusa
1755 424 1858 500 Sapere
1867 447 1908 504 rap

289 501 343 559 lios
358 502 509 566 Valeriani,
524 499 570 556 sed
587 500 785 571 httgustorum,
800 498 896 564 idest,
912 498 1048 555 Valeriani
1059 508 1086 554 et
1138 495 1289 558 Persarum.
1301 514 1352 551 non
1365 498 1470 568 eladio,
1485 499 1532 552 sed
1542 497 1673 562 ludibrio,
1687 497 1804 552 omnibus
1812 500 1862 554 sire
1872 520 1909 559 ιιι

289 573 643 634 Gallienizaltcraautem,
672 571 1086 641 quodcshupustortuusclsd·
1139 567 1332 623 diebasmerita
1353 569 1910 644 protwispercepit,·itaatertotiererusu

289 667 331 704 su
352 645 384 699 ad
407 641 578 699 AEttrilianum
602 643 701 706 missa,
716 641 838 697 debuerit
853 641 898 696 ille
918 652 980 698 aute
995 643 1085 696 omuia
1135 655 1183 694 ree
1197 639 1283 712 Sapor
1296 657 1389 704 aeuum
1401 643 1570 696 conscendere
1581 641 1668 706 uellet,
1680 657 1735 696 non
1746 643 1853 698 maetas
1860 648 1908 708 asir,

287 715 454 772 Christianos
467 730 522 770 sore
536 713 682 785 provinciae
696 714 721 767 in
735 713 877 783 quemdam
891 713 982 784 Libye
996 713 1084 768 locum
1136 709 1183 765 sed
1195 712 1327 766 incursata
1342 713 1430 776 dorso,
1445 724 1469 766 et
1480 713 1507 767 iu
1517 713 1613 768 ceruice
1623 714 1681 781 ejus
1695 713 1761 784 pede
1770 715 1910 785 positecpu

287 789 396 842 nomino
411 786 517 855 Cephro
531 785 666 852 relegare,
681 799 732 856 qtta
749 784 782 840 de
796 800 826 840 re
849 800 881 839 ne
897 786 1008 842 verbum
1023 785 1084 854 qui·
1136 783 1251 836 membra
1273 784 1377 838 boaret.
1399 784 1475 840 Grae
1495 793 1524 839 et
1543 784 1678 840 ltacoztus
1692 799 1755 838 com
1774 787 1910 844 variantibus

286 857 347 914 dem
364 859 389 911 iu
412 855 572 930 Cypriauien
588 855 722 912 Valeriani
744 855 777 909 ad
793 867 916 910 senatum
932 856 1083 924 rescripto;
1135 858 1226 908 tamen
1240 854 1343 925 aliquot
1353 855 1516 911 lectionibus
1526 871 1580 910 uon
1594 853 1767 926 spernendis.

286 943 336 986 nec
352 929 447 995 injuria
462 943 543 995 sane,
556 943 617 983 cum
634 943 664 983 ea
681 942 724 984 res
747 927 779 980 ad
803 925 912 998 AEgypti
928 925 1084 997 praelectum
1173 923 1330 979 Romanum.
1356 924 1409 982 The
1424 925 1525 981 Ratrrau
1541 925 1698 998 Eruperour.
1717 925 1747 982 td
1765 935 1822 994 est,
1834 927 1910 987 hona·

285 999 437 1070 specialiter
451 1000 614 1070 pertineret,
638 1013 691 1054 non
713 997 746 1053 ad
761 997 907 1063 Senatum,
924 1009 951 1053 et
963 998 1018 1066 iam
1034 996 1086 1052 Va·
1136 1011 1201 1050 ιιιιιιι
1214 995 1417 1066 imperatorem.
1432 997 1523 1054 Verrio
1533 997 1652 1069 duplica.

285 1071 403 1128 lerianus
418 1071 451 1126 de
472 1070 651 1134 Christianis,
668 1070 714 1140 qui
730 1071 757 1124 in
773 1070 917 1140 provinciis
928 1067 1080 1138 degebant,
1173 1066 1329 1122 Rorrtauuor.
1342 1067 1455 1141 Supple,
1469 1069 1635 1140 Repentdrrd
1649 1075 1697 1127 τοῦ
1707 1076 1802 1126 κοινοῦ.
1815 1070 1879 1141 Quod
1889 1092 1911 1131 re

285 1141 318 1198 ad
334 1158 426 1199 earum
443 1143 572 1213 presides
591 1141 756 1213 scripsisset.
772 1143 836 1195 heta
859 1140 962 1212 publica
978 1141 1085 1195 ctutlcs·
1135 1137 1293 1194 dubitanter
1305 1139 1405 1202 iacias,
1419 1140 1480 1197 ride
1494 1150 1523 1196 ot
1533 1142 1694 1209 iautdadurn
1710 1141 1858 1198 Trebellius
1868 1145 1911 1200 Pol·

285 1216 370 1270 sionis
383 1215 503 1286 otoity-tt
517 1223 544 1268 ct
556 1214 669 1270 aliorum
686 1212 756 1280 apnd
773 1211 917 1267 Ettsehium
931 1228 938 1265 ι
954 1209 1079 1266 AEmilia·
1135 1207 1173 1264 lio
1185 1211 1340 1280 praeiverit:
1353 1211 1632 1280 Valerianusinouit,
1646 1213 1729 1268 sictut
1743 1224 1781 1268 est
1792 1231 1809 1267 a
1821 1214 1910 1288 Sapore,

285 1302 333 1340 uus
349 1287 484 1356 preelectus
498 1286 584 1338 dicit:
603 1283 682 1338 Video
704 1297 748 1338 uos
768 1285 881 1354 inpactos
896 1299 948 1338 esse
962 1283 1041 1337 sitrtal
1054 1299 1085 1338 ac
1135 1278 1207 1351 Repe
1217 1279 1403 1338 Persarum...
1414 1300 1488 1352 ᾳιιιιιι
1497 1301 1555 1337 cum
1564 1284 1685 1354 pluriores
1694 1286 1809 1339 uictoriae
1820 1302 1912 1343 success

285 1359 413 1428 stupidos,
428 1357 472 1428 qui
486 1357 643 1410 clenentiam
656 1357 829 1426 desuetorum
842 1355 945 1408 ntiuiute
959 1355 1084 1410 sentiatis.
1135 1353 1221 1406 artinas
1234 1353 1375 1423 leonoripce
1387 1371 1465 1426 ᾳιιιιιιι
1474 1356 1590 1421 deceret,
1605 1355 1717 1426 staperbo
1731 1365 1756 1410 et
1767 1357 1832 1410 elato
1847 1360 1910 1414 tuat

288 1427 458 1495 Quutrtobrent
474 1445 524 1483 aton
548 1427 679 1481 rrtnuebitis
692 1429 718 1481 iu
733 1428 779 1480 hac
791 1426 853 1481 urbe
867 1442 876 1480 .·
892 1427 936 1479 scd
952 1426 1086 1480 mittemini
1135 1423 1272 1492 detineret,
1285 1437 1361 1496 ateste
1373 1443 1431 1482 caut
1442 1425 1618 1482 florrruuorunt
1631 1444 1691 1499 repe
1704 1437 1735 1482 tet
1749 1429 1793 1481 oili
1802 1439 1825 1482 et
1836 1430 1911 1502 aljeeo

285 1500 314 1553 t'tt
334 1511 418 1570 partes
438 1497 525 1570 Libye
548 1497 582 1552 ed
602 1499 687 1553 locutu
706 1499 749 1568 qui
765 1497 858 1552 dicitnr
880 1495 990 1568 Cepltro.
1007 1495 1086 1552 Hunc
1135 1496 1430 1568 rotancipioloqtteretar,
1442 1508 1494 1554 ete.
1510 1497 1542 1554 th
1554 1496 1640 1553 Grau
1654 1515 1723 1563 ereo
1739 1509 1794 1552 taut
1805 1499 1913 1567 hispasus

284 1571 352 1624 enim
365 1572 449 1627 locunt
464 1571 547 1632 ἑκιῆς
561 1568 700 1631 salsiores
713 1577 762 1624 τῶν
775 1569 906 1626 eaduardi
917 1572 996 1644 ἡμῶν,
1008 1570 1085 1634 iussu
1135 1579 1183 1621 seu
1197 1567 1374 1634 imperatores
1385 1610 1392 1635 ,
1403 1585 1483 1640 qnam
1494 1565 1615 1624 cesares
1630 1568 1666 1624 ab
1675 1569 1806 1642 Ategustis
1816 1572 1913 1630 dirum

285 1641 460 1714 depasturum
471 1652 616 1696 uosttmum
627 1642 691 1711 alepi
701 1659 709 1705 ,·
720 1642 752 1693 ad
766 1657 845 1710 qtttnu
856 1640 937 1710 igitur
947 1640 1084 1710 siugttlare
1134 1647 1272 1694 sexeuttes
1288 1639 1412 1713 βασῠὶας
1425 1650 1556 1696 rocartmt
1569 1659 1576 1693 a
1593 1641 1629 1696 ita
1651 1641 1743 1696 Latini
1763 1658 1864 1712 paoem
1875 1661 1913 1699 uon

284 1712 394 1782 alirptod
408 1715 567 1782 rescriptum
581 1712 692 1767 allatum
710 1711 795 1767 irrorat
809 1713 843 1766 ah
858 1713 1081 1780 imperatoribus,
1137 1722 1201 1764 raro
1220 1721 1280 1778 post
1292 1714 1371 1781 primi
1386 1725 1415 1768 et
1428 1713 1542 1768 secundi
1556 1714 1648 1768 sacrati
1670 1715 1864 1781 imperatores,
1876 1719 1914 1770 du

285 1794 313 1840 et
327 1785 373 1856 tpti
388 1784 498 1854 prolude
513 1785 682 1856 sauguinem,
695 1799 775 1855 quern
790 1783 858 1837 ludit
869 1791 961 1852 postea
975 1784 1083 1852 copiose
1099 1781 1222 1874 Bgustis
1232 1793 1260 1836 et
1272 1782 1482 1852 imperatoribus
1492 1799 1583 1855 repam
1597 1799 1695 1840 nomeu
1710 1784 1915 1854 dederonuuair

284 1854 311 1910 in
331 1854 464 1928 AEgypto,
487 1856 587 1912 ludissc
610 1856 707 1910 merito
731 1870 765 1910 en
788 1854 884 1910 eodem
901 1853 1082 1924 Augttstorum
1138 1860 1166 1904 et
1179 1851 1294 1908 altarum
1318 1855 1473 1926 inspeciem
1490 1856 1575 1910 nudto
1593 1857 1684 1911 minus
1699 1857 1811 1922 nobile,
1828 1859 1860 1912 oti
1871 1875 1914 1914 reor

283 1928 409 1984 utattdato
425 1930 578 1984 censendus
592 1936 642 1984 est.
660 1927 775 1995 Plusque
789 1927 856 1980 adeo
876 1926 1033 1996 sanguinis.
1049 1941 1084 1980 ne
1136 1921 1298 1980 ridebimus.

282 2013 355 2055 nnnc
379 1999 430 2055 alia
454 1998 582 2065 aberam,
599 1997 758 2053 Valerianus
776 1994 892 2064 luderis,
917 2013 996 2068 qnam
1014 1995 1085 2052 [lod-
1173 1991 1300 2067 imposito
1312 1997 1375 2070 pede
1394 2013 1471 2070 saper
1493 1998 1599 2052 dorsum
1623 2001 1693 2066 eius.
1720 1999 1847 2064 Phrnsis,
1859 2002 1916 2068 csirs

282 2071 363 2127 weilo
374 2073 471 2126 risum.
1136 2064 1211 2120 nulla
1226 2082 1298 2121 rrurtc
1311 2067 1375 2123 mibi
1391 2079 1539 2124 occurrunt
1552 2071 1697 2138 exempla,
1719 2073 1776 2128 nisi
1792 2075 1857 2142 apud
1872 2075 1916 2128 lul·

321 2141 356 2198 [lt
371 2152 435 2197 esset
449 2143 558 2214 posteris
573 2141 766 2205 documentum,
782 2149 835 2196 etc.
850 2138 896 2196 Sic
909 2153 990 2207 supra
1001 2181 1009 2204 ,
1022 2154 1083 2210 cap.
1135 2146 1236 2207 putatu,
1250 2140 1307 2204 uhi,
1322 2141 1396 2196 vorbi
1407 2143 1505 2212 gratia,
1519 2140 1542 2194 ll
1554 2141 1620 2211 hep.
1635 2159 1684 2208 nu,
1700 2143 1736 2199 30
1751 2162 1759 2198 ι
1776 2143 1810 2197 Et
1823 2144 1917 2198 diadem

283 2213 297 2268 l
316 2212 516 2268 subsaunes...
537 2229 624 2284 poettas
639 2228 729 2267 eorum
752 2209 841 2276 Deus,
856 2221 884 2266 ut
898 2210 979 2264 ederet
993 2213 1019 2265 iu
1043 2227 1085 2266 eos
1135 2210 1284 2279 intpositum
1296 2221 1333 2266 est
1347 2228 1424 2284 super
1443 2224 1519 2296 caput
1541 2211 1623 2267 Dauid
1633 2230 1643 2278 ‚·
1662 2221 1691 2267 ct
1715 2215 1781 2270 Act.
1802 2231 1852 2281 ιι,
1875 2219 1915 2274 lb:

283 2300 378 2358 tuapttu
392 2293 416 2341 et
435 2285 564 2338 ntirabilia
577 2285 708 2355 exempla,
729 2283 821 2354 qrtibus
841 2293 864 2336 et
885 2283 980 2354 posteri
999 2281 1084 2337 disee·
1138 2279 1208 2347 Quid
1226 2283 1326 2336 tentatis
1349 2282 1448 2350 Dmm,
1468 2300 1599 2357 trttponere
1607 2288 1704 2358 jupam
1723 2303 1808 2360 super
1820 2289 1917 2344 soricen

282 2367 373 2412 rent...
390 2356 508 2411 Deum...
520 2364 625 2409 ntortem
644 2357 722 2426 dipoa
735 2355 832 2409 uitione
851 2352 984 2426 superbis,
997 2364 1021 2408 et
1036 2356 1086 2408 iru-
1135 2351 1333 2424 discipulorum.

283 2426 351 2499 piis,
371 2445 401 2485 ac
415 2429 619 2500 persecutoribus
634 2425 759 2497 irrepere.
1171 2422 1246 2478 tttad
1258 2441 1313 2481 esse
1330 2441 1415 2481 reram
1437 2427 1544 2482 dicebat.
1560 2426 1625 2482 Loci
1648 2443 1758 2484 sensum
1787 2446 1841 2484 non
1861 2446 1917 2488 assc-

321 2499 487 2555 Adoersarios
498 2499 544 2554 Dei
556 2505 695 2571 repectu.
708 2495 806 2552 hudin'
826 2507 865 2563 ut,
879 2512 910 2552 ert
925 2494 1004 2565 hujus
1019 2512 1083 2551 anc-
1135 2508 1222 2565 qttor,
1239 2499 1290 2551 nisi
1305 2498 1398 2553 innunt
1414 2498 1568 2554 Mcmtttius
1587 2500 1651 2554 illud
1674 2515 1689 2553 a
1711 2500 1821 2571 Sapore
1840 2519 1916 2572 capro·

283 2571 351 2628 toris
366 2571 576 2644 hypothesibus,
593 2571 697 2638 dipuam
712 2585 759 2624 sua
773 2569 868 2624 scelere
881 2568 1021 2622 mercedem
1036 2566 1085 2623 Dei
1136 2565 1206 2621 brati
1221 2583 1315 2623 rerum
1336 2585 1413 2636 esse,
1430 2569 1599 2626 Valerianum
1624 2571 1677 2627 sibi
1702 2586 1786 2641 esse,
1813 2574 1917 2645 mattdpi

283 2641 385 2708 hostes,
401 2659 453 2696 ιιοιι
467 2658 575 2718 recipe,
590 2642 638 2696 sed
660 2657 727 2713 sepe
746 2640 890 2712 recipiant?
905 2638 1007 2695 Firmat
1020 2654 1085 2710 crgo
1136 2637 1207 2705 loeo,
1224 2649 1316 2709 utpote
1329 2641 1376 2710 oui
1390 2642 1471 2697 scale
1484 2643 1526 2696 tel
1540 2643 1660 2712 stapedis
1671 2643 1757 2698 ricem
1777 2655 1915 2714 prestares

282 2713 370 2770 aalide
385 2714 428 2770 hic
449 2713 525 2769 loeus
545 2727 605 2782 ettae
628 2727 708 2780 supra
731 2713 835 2766 antrhis
857 2721 950 2766 contra
965 2709 1083 2766 'Psillium
1136 2723 1233 2765 tronea
1255 2714 1368 2780 otique,
1393 2728 1453 2778 errae
1470 2713 1583 2768 Romani
1605 2716 1633 2769 in
1644 2714 1753 2769 tabellis
1763 2719 1915 2787 depingunt,

282 2785 415 2856 disputata
431 2793 503 2842 sunt.
518 2785 706 2856 Potuissetquo
720 2783 788 2838 adeo
799 2781 943 2852 Traianum
959 2791 987 2838 ct
1000 2786 1084 2838 huto·
1135 2780 1187 2835 boc
1201 2793 1258 2846 est,
1272 2784 1382 2838 deuictos
1398 2781 1491 2840 Persas
1504 2786 1698 2858 triumphosque
1707 2786 1740 2841 ab
1752 2788 1810 2842 iltis
1822 2800 1918 2860 oporte

283 2858 473 2924 uiunsnoster,
485 2857 525 2911 rel
538 2856 562 2910 si
573 2856 689 2912 otaxime
701 2853 842 2926 tranquilla
855 2861 942 2910 morte
953 2854 1082 2919 obierint,
1134 2860 1184 2906 tos.
1203 2852 1272 2909 Edit.
1286 2854 1375 2910 θιιιιι.
1391 2867 1420 2911 et
1431 2854 1512 2911 Cant.
1525 2872 1540 2911 a
1553 2861 1652 2929 quibos
1665 2856 1798 2914 diversus
1812 2876 1864 2914 non
1875 2862 1916 2914 abit

281 2927 410 2985 Ecclesia
425 2927 642 3000 persecutoribus
666 2941 831 2991 accensere,
854 2926 876 2981 si
892 2941 952 2997 quas
965 2926 1017 2980 sub
1030 2926 1083 2980 illis
1134 2924 1342 2994 elegantissime
1355 2928 1660 2984 versionisParisiensis
1673 2941 1783 2985 auctor.
1792 2931 1916 2996 -thtin,

281 3000 485 3070 persecutiones
498 2999 669 3066 contigerunt
680 3040 687 3064 ‚
700 2998 734 3052 ab
748 2997 905 3053 eurumdem
918 2994 1014 3052 edictis
1025 3011 1083 3050 trra·
1135 2992 1209 3049 ittae
1227 3013 1282 3051 esse
1297 3014 1384 3052 ouum
1404 3001 1586 3071 spectaculum
1597 2999 1698 3055 dicebat
1706 3017 1717 3065 ,·
1735 3004 1872 3071 quomodo
1883 3019 1918 3058 ra·

280 3081 391 3128 nassent
406 3090 413 3126 ι
428 3071 475 3128 sed
491 3070 618 3142 quoniam
632 3068 741 3124 aliunde
757 3077 824 3124 ortae
839 3080 910 3136 sum,
926 3067 1027 3124 idcirco
1041 3067 1080 3122 illi
1134 3067 1190 3135 pite
1203 3067 1236 3122 to
1249 3086 1256 3121 ι
1271 3069 1321 3123 llic
1332 3081 1369 3124 est
1382 3086 1456 3124 serm
1472 3073 1618 3144 triumphas
1632 3089 1708 3138 cam,
1728 3085 1786 3129 etc.
1799 3074 1881 3131 Gsts.
1891 3103 1917 3114 ·-

280 3157 329 3213 per
344 3151 465 3200 nostrum
482 3143 508 3198 iu
523 3143 645 3197 bouorttnt
666 3141 811 3215 prircipum
826 3151 959 3197 cateruam
974 3139 1084 3195 luerunt
1134 3135 1209 3192 tttua
1221 3155 1276 3196 esse
1288 3157 1376 3197 oerum
1385 3143 1492 3197 dicebat.
1504 3141 1648 3208 Nintirum,
1663 3144 1736 3215 quod
1745 3148 1846 3217 pedem
1855 3148 1918 3202 dosa

279 3216 367 3270 relati.
385 3216 450 3284 Qttae
463 3230 523 3271 cnm
546 3216 580 3270 ita
594 3216 665 3279 sint,
679 3215 776 3269 vellem
797 3215 827 3271 τὸ
849 3228 917 3283 sepe
938 3212 1119 3278 clarissituic
1136 3208 1271 3266 lrtleriaui
1296 3212 1483 3283 imposuisset,
1506 3224 1587 3284 atrpue
1609 3216 1673 3271 illud
1688 3219 1813 3272 etianum
1826 3222 1918 3286 laumas

279 3286 441 3354 interpretes
457 3302 510 3342 non
524 3286 747 3356 suppressisscut.
1135 3293 1280 3351 premeret.
1297 3284 1364 3339 Tota
1376 3285 1447 3340 euim
1461 3286 1548 3341 series
1558 3288 1689 3343 orationis
1701 3298 1760 3355 est,
1776 3299 1803 3344 et
1816 3291 1918 3362 irnperio

317 3356 369 3412 llic
382 3369 473 3429 captus
484 3375 500 3411 a
513 3357 610 3412 Persis.
627 3356 685 3424 Quo
698 3370 769 3411 anno
781 3353 964 3410 Valerinuesn
977 3354 1081 3425 Sapore
1131 3353 1196 3425 pede
1211 3370 1289 3427 super
1302 3356 1408 3411 dorsum
1421 3359 1496 3429 ejus,
1509 3358 1577 3411 iliud
1588 3375 1643 3413 etse
1654 3374 1743 3413 soant
1757 3360 1860 3417 dicebat
1861 3401 1916 3416 ......

279 3438 373 3499 captus
388 3428 486 3495 luserit,
504 3428 634 3484 hactenus
647 3429 674 3483 iu
689 3428 902 3483 controversiam
918 3437 1077 3483 vocatum...
1131 3440 1182 3479 nou
1193 3428 1263 3495 quod
1277 3428 1304 3481 in
1317 3428 1409 3483 tabulis
1433 3435 1478 3482 aut
1492 3428 1630 3500 parietibus
1656 3429 1771 3485 Roorana'
1785 3435 1918 3505 perpera,-

284 3499 393 3558 Certum
403 3510 454 3565 est,
464 3500 583 3556 currenti
597 3515 668 3555 auno
678 3498 778 3553 Christi
792 3497 1033 3562 biblalerianum
1046 3501 1081 3553 ad
1132 3504 1162 3550 ut
1175 3498 1208 3551 ad
1221 3514 1282 3553 eum
1295 3500 1402 3555 tattdcm
1415 3501 1554 3567 utriusque
1566 3503 1691 3570 corporis
1705 3506 1804 3569 situru,
1820 3522 1870 3559 non
1884 3504 1918 3559 bc·

280 3573 404 3642 nraucipii
416 3574 563 3645 fortunam,
590 3582 618 3625 ut
638 3571 736 3626 Zosimi
752 3572 841 3625 rerltis
854 3578 924 3633 utar,
940 3570 1078 3625 redactum

279 3642 385 3709 fuisse,
400 3644 526 3698 inchoato
540 3642 655 3711 septimo
671 3642 776 3712 intperii
790 3655 897 3695 anuto...
913 3650 1007 3694 astate
1021 3643 1076 3696 cir·

279 3715 348 3771 citer
362 3715 480 3771 ineunte.
496 3714 607 3781 Paetus,
623 3715 667 3795 qni
690 3714 801 3768 onmino
816 3711 1000 3768 videndus-
1010 3710 1079 3783 Cap-

279 3794 323 3843 tus
335 3796 377 3843 est
399 3785 449 3841 sub
472 3785 552 3841 hnem
577 3800 639 3840 anm
662 3785 725 3840 stt.
753 3786 938 3851 booweutos,
964 3784 1077 3840 Dissert.

278 3856 346 3931 cyp.
361 3859 405 3927 ll,
420 3874 495 3913 num.
511 3856 598 3914 59.-
609 3856 779 3923 Valerianus,
795 3856 823 3910 iu
836 3856 1002 3911 Christianos
1018 3872 1080 3926 per-

277 3932 416 3987 secatione
427 3938 572 3994 commota,
584 3927 673 3985 statim
684 3944 698 3983 a
711 3926 824 3998 Sapore,
839 3926 982 3981 Persarum
996 3943 1077 3998 rege,

277 4004 392 4074 capitor.
406 4002 588 4066 llteeonutbs,
597 4000 623 4054 iu
632 4002 776 4069 Chronico,
789 3998 821 4054 ad
837 4013 937 4053 annom
950 4014 1013 4053 aerse
1022 4014 1079 4055 succ

278 4070 385 4131 Domini
401 4074 453 4130 268
468 4073 618 4129 secuttdum
633 4071 761 4142 Scaligeri
777 4070 935 4126 editionem.
953 4069 1008 4125 Sed
1023 4084 1077 4127 uon

276 4146 357 4270 puico
379 4160 482 4203 errore.
495 4144 564 4199 Vide
577 4158 675 4215 supra,
700 4158 773 4199 num.
790 4140 827 4209 b,
843 4150 871 4197 et
894 4141 1004 4210 Papium
1021 4143 1078 4198 suis

287 4232 353 4273 ocos.

314 4287 345 4345 st
356 4288 459 4359 quaudo
474 4287 586 4344 libuerit.
604 4286 634 4343 Si
649 4285 752 4358 arraudo
770 4284 886 4340 libuerat.
904 4282 993 4339 Editio
1008 4286 1076 4341 hbo.

276 4372 325 4415 sett
340 4375 420 4424 castr,
436 4375 484 4416 seo
498 4359 622 4413 consilio.
635 4358 704 4413 Nihil
715 4360 787 4411 euim
797 4374 828 4412 ea
843 4358 876 4410 de
891 4370 919 4410 re
932 4356 1079 4414 Columbus

275 4430 303 4486 in
318 4432 372 4485 suis
387 4430 645 4487 notis—Latinum
670 4430 771 4501 tnagis,
797 4429 902 4492 liberet,
927 4430 984 4491 rel,
1007 4430 1078 4496 quod

275 4504 387 4630 propius
399 4503 432 4587 ad
446 4502 544 4559 ueteris
559 4502 618 4627 llibri
631 4502 803 4624 scripttltram,
817 4500 936 4627 ligasset.
949 4499 1076 4626 Tossltps.

277 4602 314 4617 ·-
343 4586 502 4631 ostensorem
517 4590 558 4629 tna
574 4588 609 4629 mr
624 4588 718 4643 cotrpec
733 4587 818 4627 uram.
858 4586 899 4624 am
926 4585 977 4625 nee
998 4588 1078 4628 ater

1131 3568 1238 3638 titium,
1258 3570 1306 3626 sed
1320 3574 1407 3641 reipsa
1427 3580 1615 3637 cottstantem,
1631 3569 1749 3629 coecilius
1763 3588 1861 3631 noster
1874 3585 1920 3645 post

1130 3638 1260 3709 Saporem
1273 3645 1425 3711 respexerit
1435 3683 1443 3708 ,
1454 3658 1509 3711 qno
1522 3643 1640 3714 sapores
1652 3644 1794 3701 Valeriani
1813 3648 1917 3709 dasena,

1130 3710 1262 3767 inclinare
1274 3728 1304 3767 sc
1314 3726 1340 3768 et
1354 3723 1427 3785 terga
1444 3714 1565 3781 praebere
1581 3718 1665 3771 semel
1691 3717 1781 3786 jussi,
1798 3734 1850 3775 stro
1862 3717 1916 3789 pede

1129 3782 1259 3839 calcabat.
1282 3783 1386 3840 lactina
1399 3796 1423 3839 te
1436 3786 1516 3850 matt,
1530 3802 1561 3840 ac
1579 3796 1651 3859 terpa
1660 3787 1764 3860 prebe,
1781 3791 1917 3859 aiebatig'e

1131 3855 1350 3922 turimperiosios
1359 3872 1406 3912 rex
1418 3855 1560 3912 Persarum
1572 3858 1705 3913 Routano.
1715 3859 1799 3929 Qrtod
1807 3877 1867 3916 cem
1875 3861 1918 3915 dic·

1131 3934 1186 3979 tum
1208 3929 1306 3982 tactum
1321 3927 1482 3983 Valerianus
1515 3940 1655 3998 restaret,
1673 3930 1770 4000 pedem
1789 3934 1862 3988 illico
1882 3932 1919 3988 Sa·

1130 4012 1210 4068 peres
1222 3999 1280 4068 eins
1295 4001 1378 4054 dorso
1389 3944 1553 4070 ramnusia,
1568 3999 1627 4055 liae
1639 4018 1726 4056 oerum
1738 4011 1790 4070 est,
1799 4006 1918 4075 itmnieos,

1130 4084 1181 4122 nou
1195 4069 1264 4139 quod
1278 4072 1303 4125 t'n
1325 4070 1419 4127 tabulis
1444 4082 1490 4126 eat
1512 4073 1651 4144 parietibus
1673 4073 1786 4128 Rotrtaoi
1812 4077 1917 4148 ρὶιιςιιιι.

1130 4138 1211 4205 Quasi
1227 4142 1341 4198 dixisset
1354 4162 1361 4199 ε
1374 4140 1441 4198 Ausi
1455 4155 1518 4197 sunt
1531 4144 1678 4214 aliquando
1688 4146 1807 4201 horraei
1821 4152 1858 4202 tui
1870 4147 1919 4201 Pcr-

1130 4212 1240 4267 sassibi
1262 4213 1314 4269 hoc
1326 4224 1405 4284 paeto
1419 4216 1558 4284 subjectos
1577 4218 1734 4287 depingere.
1749 4216 1807 4273 Sed
1833 4219 1873 4274 illa
1893 4215 1918 4271 ad

1131 4282 1234 4337 libitum
1258 4284 1346 4340 elticta
1366 4294 1464 4350 erant,
1481 4292 1510 4341 et
1533 4302 1608 4342 mere
1621 4287 1792 4358 imaginaria.
1807 4292 1844 4343 At
1860 4291 1917 4359 quod

1128 4352 1183 4423 jam
1208 4356 1273 4422 tibi,
1294 4366 1366 4426 terga
1383 4356 1528 4426 praebenti,
1546 4358 1643 4428 pedem
1669 4360 1796 4430 impono.
1814 4360 1842 4416 id
1866 4372 1918 4431 pnra

1130 4427 1247 4494 ueritas,
1266 4426 1416 4484 Valeriane.
1444 4427 1542 4499 Sisque
1567 4440 1641 4497 tota,
1667 4446 1729 4485 tuco
1746 4430 1919 4501 judicio.be

1128 4498 1174 4567 jus
1196 4498 1246 4553 loci
1260 4498 1405 4555 dilitcultas
1429 4498 1492 4555 binc
1513 4510 1588 4566 orta,
1605 4500 1678 4571 uttod
1694 4513 1790 4557 auctor
1813 4518 1866 4559 oon
1886 4504 1918 4556 in-

1092 4609 1117 4670 n
1131 4578 1205 4639 tegra
1221 4586 1269 4626 seu
1280 4572 1416 4642 ipsissima
1428 4570 1539 4641 Saporis
1552 4574 1651 4636 restra,
1667 4590 1727 4645 que
1739 4574 1817 4639 iarn,
1832 4574 1916 4637 credo,

274 4646 351 4715 lere,
377 4662 437 4717 cap.
459 4646 491 4702 st
510 4663 517 4698 :
534 4644 656 4713 Quotiens
671 4644 791 4699 delectari
812 4642 931 4697 libuerat.
954 4638 1076 4713 cogitari
1132 4644 1288 4709 attulituos,
1313 4644 1569 4714 representasset,
1591 4660 1684 4701 rerum
1709 4645 1918 4717 interpolata,et

273 4718 373 4784 etiam,
390 4718 539 4787 pleniorem
554 4719 622 4771 iorte
638 4717 721 4769 nostri
737 4730 846 4770 uranum
861 4712 956 4779 luisse,
975 4716 1077 4773 nemsi

273 4790 375 4859 putanda
388 4790 497 4845 libuerat
518 4798 562 4842 eut
576 4786 720 4841 orbiculum
734 4787 890 4851 ascendere,
903 4794 948 4839 eut
961 4800 1074 4853 eertum,

273 4876 335 4916 cum
350 4862 474 4933 genuno,
490 4872 552 4930 aut,
567 4858 615 4915 sed
629 4873 690 4913 cum
708 4860 797 4924 attico,
814 4859 836 4913 si
849 4858 953 4929 ernaudo
966 4857 1077 4913 libuerat

272 4935 432 4999 belticuluut,
447 4946 499 4989 ete.

314 5003 464 5062 Vehiculum
476 5001 631 5069 ascendere,
648 5012 693 5057 ant
705 5016 805 5068 equum.
818 5000 859 5056 lta
873 5000 931 5056 sinc
943 5001 1073 5072 praeposi·

273 5075 346 5133 tione
360 5077 520 5140 Terentius,
535 5074 672 5130 ascendere
691 5088 779 5127 narem
787 5088 798 5137 ,·
819 5073 921 5140 Caesar,
935 5073 1072 5128 ascendere

270 5151 380 5221 jupam·
394 5158 422 5204 et
437 5149 475 5204 uti
489 5149 533 5204 hic
546 5146 663 5215 denique
678 5144 770 5199 Liuius
792 5160 824 5199 ac
846 5144 1012 5211 Suetonius,
1027 5160 1070 5199 as-

272 5222 379 5275 cendere
393 5237 484 5290 meatu
499 5235 508 5275 :
521 5222 645 5290 astruatis
659 5216 812 5288 praepositio
828 5216 854 5271 in
877 5217 974 5273 talibus
996 5215 1072 5271 adhi-

270 5289 328 5418 Reri
344 5292 445 5361 soleat,
460 5302 488 5348 et
508 5290 599 5347 Liuius
615 5290 673 5362 ipse
687 5286 751 5343 alibi
772 5288 910 5343 escendere
928 5291 957 5343 in
980 5304 1072 5359 equum

290 5365 377 5419 txcrit.

306 5434 436 5489 inclinare
450 5432 515 5498 sibi,
536 5440 588 5487 etc.
604 5430 689 5497 Quam
700 5430 891 5485 coutumeliam
907 5429 978 5484 ultro
991 5428 1071 5485 dissi-

270 5508 355 5561 mulat
365 5505 447 5561 Treb.
458 5504 555 5571 Pollio,
568 5502 701 5562 sibialiam
713 5518 766 5556 nnn
781 5511 912 5556 memorat
926 5510 1068 5555 coutume-

270 5574 353 5646 liam,
370 5575 422 5632 nisi
437 5575 508 5646 qtrtrd
527 5574 645 5645 sapores
661 5588 722 5628 cetu
745 5572 929 5627 britannorum
952 5586 1015 5643 roge
1039 5580 1068 5627 ut

268 5648 315 5706 rttt
331 5661 358 5706 et
370 5647 478 5719 abiecto
493 5647 626 5715 mancipio
639 5645 805 5715 loqueretur,
818 5643 894 5712 quasi
906 5644 975 5698 intra
985 5646 1066 5699 verba

268 5721 355 5776 solutu
370 5720 489 5775 stetisset
502 5719 552 5773 hoc
566 5717 692 5773 dedecus.
713 5715 784 5770 Edit.
798 5713 885 5770 Oxou.
899 5714 1016 5771 otGant.
1031 5743 1067 5756 -

269 5788 400 5846 declinare
415 5789 496 5844 sibi...
510 5788 669 5858 Eutropius,
685 5788 711 5842 in
727 5786 786 5841 ilita
800 5786 886 5841 Pontii
899 5788 1068 5857 manuscrip-

271 5867 315 5934 ta,
340 5876 373 5919 ex
389 5860 549 5923 bibliotheca
564 5858 714 5917 doctissimi
725 5857 896 5917 P.Pttteaoi:
916 5855 1068 5914 Valerianus

1131 4714 1227 4783 quihus
1243 4727 1307 4768 usus
1319 4716 1355 4770 sit
1366 4728 1415 4785 pro
1428 4716 1495 4769 sois.

1167 4782 1368 4857 Exprobransei
1384 4802 1441 4841 cum
1454 4787 1518 4841 risu.
1533 4785 1658 4853 ldultum,
1678 4786 1704 4841 ui
1718 4786 1807 4855 failor,
1821 4788 1886 4843 lueis
1896 4794 1917 4840 et

1129 4856 1271 4927 elegantis
1293 4858 1383 4913 aberri
1410 4859 1495 4927 possit
1516 4858 1558 4913 his
1572 4858 1679 4923 verbis,
1694 4858 1718 4912 si
1730 4873 1793 4915 cetu
1806 4860 1916 4931 prorius

1129 4926 1346 4997 praecedentibus
1358 4942 1390 4985 ac
1403 4932 1580 4999 sequentibus
1595 4940 1792 4985 connectantur
1815 4936 1842 4986 iu
1856 4934 1914 4983 hum

1129 4998 1239 5053 rntrdotu
1253 5017 1259 5054 :
1277 4999 1348 5055 idad
1360 5016 1448 5055 ceam
1460 5016 1515 5055 esse
1530 5001 1628 5056 dicebat
1642 5001 1817 5072 exprobrares,
1832 5013 1857 5057 et
1869 5014 1915 5055 ceu

1128 5073 1194 5137 usu,
1209 5088 1260 5125 nou
1273 5072 1343 5144 cuod
1366 5073 1393 5125 iu
1415 5070 1527 5138 tabulis,
1548 5081 1601 5127 etc.
1625 5071 1716 5139 Neutre
1736 5077 1805 5129 aileu
1833 5072 1915 5127 dubito

1126 5142 1189 5212 quin
1202 5143 1335 5209 ipsissima
1348 5144 1380 5197 sit
1397 5144 1514 5198 auctoris
1529 5159 1624 5198 ananus
1641 5160 1648 5197 :
1665 5152 1695 5197 ut
1707 5144 1790 5210 ltuud,
1802 5146 1912 5213 inquiam,

1125 5213 1264 5283 scripserit
1289 5213 1413 5287 Saporem
1434 5213 1569 5269 Valeriano
1587 5214 1756 5288 exprobrasse
1777 5217 1914 5276 canorum·

1126 5300 1187 5339 natu
1203 5288 1252 5339 ista
1265 5301 1331 5341 s:mc
1345 5286 1444 5342 locutio
1458 5287 1583 5351 obscura,
1597 5301 1624 5341 et
1639 5288 1729 5341 minus
1741 5287 1855 5350 Latium
1874 5284 1913 5340 sed

1125 5356 1153 5409 id
1167 5355 1237 5429 quod
1255 5356 1391 5412 Valeriano
1411 5359 1525 5431 sapores
1537 5357 1635 5413 dicebat
1647 5399 1654 5425 ,
1678 5357 1775 5413 dictum
1789 5358 1831 5413 illi
1842 5358 1914 5429 [niae

1125 5430 1315 5501 exprobrando,
1330 5439 1353 5483 et
1362 5428 1470 5483 ridendo
1485 5430 1572 5484 etmel.

1161 5500 1319 5571 Dipnissinte
1332 5501 1515 5573 triumphatus.
1532 5502 1588 5555 litte
1602 5510 1663 5567 est,
1684 5513 1714 5556 ut
1725 5503 1839 5557 nteritus
1852 5506 1912 5555 erat.

1120 5569 1166 5625 Sic
1185 5572 1255 5625 euitn
1270 5571 1365 5642 alienus
1378 5582 1406 5628 et
1420 5575 1496 5643 dipue
1509 5572 1657 5628 ueteribus.
1678 5571 1777 5628 Noster
1789 5572 1875 5641 capite
1888 5584 1912 5623 ιτ

1121 5641 1205 5696 licum
1214 5652 1320 5697 mortem
1330 5645 1410 5712 dipsa
1419 5645 1516 5698 ultione
1527 5642 1732 5716 persecutoribus
1744 5646 1875 5715 inopem
1890 5646 1912 5693 et

1120 5711 1173 5769 lroc
1184 5716 1242 5783 ipso
1269 5714 1429 5768 aduersarios
1445 5714 1492 5769 Dei
1506 5732 1574 5786 sepe
1595 5715 1699 5785 alienam
1711 5715 1806 5770 scelere
1816 5732 1865 5768 stro
1878 5727 1912 5763 re·

1120 5786 1205 5857 cipere
1218 5785 1370 5841 mercedettt.
1386 5785 1471 5853 tilius,
1487 5786 1664 5857 iudipnr'sst'ute
1678 5786 1750 5843 hirst
1765 5785 1909 5858 legendum

1122 5854 1307 5929 Triumphauus
1321 5866 1423 5930 auem,
1435 5866 1545 5934 propter
1557 5859 1709 5931 sequeutia,
1722 5858 1757 5915 ad
1769 5857 1910 5915 montom
