4017 6350
120 331 160 404 23
606 339 682 396 Cbl‘.
704 337 736 398 ll.
758 335 802 394 DE
823 334 889 394 ltu.
909 327 1049 396 bttlltnt.
1068 337 1115 396 nt
1132 333 1301 398 nnnnbts!
1426 371 1434 380 ·
1739 333 1778 396 ed

122 457 179 512 tem
193 451 308 510 rusculo
317 451 440 524 corporis
450 459 562 523 qtlnlttbr
576 449 779 506 tooitcatantia:
795 450 926 520 binapos·
939 452 964 512 Α
979 451 1091 508 ninnium
1104 451 1248 516 brovilms,
1270 460 1382 523 propter
1394 449 1569 516 tirmitatem,
1584 449 1632 508 scd
1645 451 1780 523 espancis

122 545 222 612 terius,
236 559 300 617 qnae
315 554 379 602 sunt
393 546 420 600 in
443 545 565 600 ornatibus
579 543 678 613 podes3
693 543 756 597 item
772 541 833 598 bina
846 543 927 613 capiti
978 551 1007 598 et
1029 543 1134 614 maguis
1149 543 1257 599 ossibus
1275 540 1401 600 cotrstarc
1419 544 1513 602 noluit.
1538 543 1593 600 Αιιι
1617 544 1687 600 enirn
1712 544 1777 600 bina

123 646 154 696 st
166 637 241 696 collo
255 637 394 708 proxima,
410 652 470 710 una
484 636 573 692 uarios
586 635 768 694 anitnnntibns
784 649 850 690 usus
860 649 927 705 prm-
978 645 1080 694 snntut
1094 639 1121 692 in
1131 637 1258 703 bomine;
1270 647 1317 693 aut
1328 646 1468 708 noemma,
1484 645 1513 693 nt
1535 639 1562 694 in
1585 636 1778 709 quadmpedez

124 729 203 786 bant.
221 729 251 786 ln
268 729 420 802 pecudibus
434 730 506 784 enim
519 743 550 783 ac
564 726 630 784 teris
649 735 712 784 sunt
733 728 928 798 posterioribus
978 745 1040 802 qna
1060 738 1151 786 tamen
1162 746 1216 786 non
1235 729 1299 785 tecit
1311 730 1409 795 solida,
1420 745 1455 787 ue
1467 730 1494 786 iu
1507 730 1657 802 gradiendo
1671 731 1779 803 pigritia

123 821 335 894 pedessirniles,
349 822 376 876 in
388 819 594 878 ltominetnteru
608 835 789 891 muratamque
801 835 856 876 non
866 828 930 876 sunt
979 830 1007 876 et
1018 821 1136 892 pravitas
1152 821 1315 889 retardaret,
1327 821 1375 877 sed
1385 831 1480 878 casata
1494 831 1521 878 et
1533 822 1568 877 ad
1581 822 1701 894 uigorem
1716 836 1779 879 cor·

124 914 162 972 att
173 914 380 982 ambulandum,
391 912 441 970 sed
455 913 489 968 ad
502 911 654 969 laciendum
670 911 930 983 temperandumque
979 913 1276 983 porisconsorsandnm
1286 911 1580 970 medullisintriuseous
1589 914 1666 984 plenu
1675 929 1683 980 ;
1692 928 1780 997 eaque

125 1017 283 1064 suntnatse.
299 1007 347 1064 Est
360 1016 388 1063 et
411 1005 519 1062 tertium
542 1020 638 1078 penus,
662 1006 689 1062 in
702 1021 756 1078 uuo
769 1006 859 1077 priora
873 1005 929 1075 illa,
979 1018 1140 1060 rttrsusnon
1160 1004 1301 1076 amanter
1321 1013 1444 1072 porrecta
1469 1005 1572 1060 tinnivit:
1586 1004 1635 1062 sed
1659 1019 1780 1062 summas

126 1114 217 1172 neque
231 1099 327 1172 pedes,
343 1113 431 1171 neque
445 1107 623 1166 memmenni,
636 1099 683 1157 sed
708 1098 769 1166 alae,
784 1099 811 1156 in
832 1098 930 1170 qubus
979 1111 1072 1155 eornm
1097 1106 1187 1168 partes
1200 1097 1379 1155 crassioribus
1400 1099 1480 1155 nodis
1502 1099 1683 1171 conglobavit,
1708 1108 1737 1154 ut
1751 1106 1781 1156 et

127 1208 225 1266 penore
239 1209 286 1265 per
301 1193 423 1252 ordinem
438 1192 498 1250 tiae
512 1191 620 1248 rolamli
634 1191 766 1250 exhibent
788 1207 876 1248 usum.
890 1191 929 1248 lla
980 1187 1126 1262 substringi
1139 1194 1231 1246 neruis
1240 1188 1472 1258 lucilius,etrerti
1482 1190 1564 1246 tutius
1576 1200 1695 1262 possent,
1706 1190 1780 1246 unde

127 1301 182 1344 nna
197 1287 270 1344 lictio
283 1285 407 1344 diuersas
421 1287 527 1358 species
540 1296 567 1341 et
582 1301 648 1342 usus
674 1286 767 1344 babet.
785 1286 874 1358 Atque
901 1294 930 1344 ut
980 1291 1044 1338 sunt
1059 1282 1191 1340 vertibula
1204 1283 1351 1339 nominata.
1364 1283 1419 1340 llos
1431 1285 1518 1340 nodos
1528 1282 1782 1340 firmitersolitlatos

129 1379 218 1450 ipsam
232 1379 356 1452 corporis
369 1377 575 1436 crassitudinem
591 1377 704 1434 tirmiter
717 1377 931 1450 comprehende-
981 1376 1036 1434 leui
1048 1377 1163 1448 quodam
1185 1379 1314 1450 operculo
1327 1379 1405 1447 texit,
1433 1378 1506 1450 quod
1520 1378 1619 1434 dicitur
1635 1377 1779 1447 cartilag03

129 1480 182 1542 rot,
199 1471 348 1542 majoribus
360 1480 388 1528 et
399 1471 526 1528 breuibus
536 1471 643 1528 ossibus
658 1471 772 1528 inuicem
785 1471 929 1542 colligatis,
980 1473 1094 1538 scilicet,
1110 1473 1211 1530 utsinc
1222 1473 1316 1528 attritu
1340 1480 1368 1528 et
1383 1474 1442 1528 sino
1461 1487 1543 1529 sensu
1561 1472 1666 1528 doloris
1687 1471 1780 1541 aliquo

130 1562 209 1637 qnasi
221 1563 344 1620 carinam
355 1563 499 1636 compegit,
515 1578 593 1633 quiam
606 1578 657 1620 nos
678 1564 783 1634 spinam
804 1563 928 1628 dicimus,
981 1563 1164 1622 flecteretrtnr.
1178 1565 1295 1622 Eosdem
1309 1575 1399 1622 tannen
1410 1579 1463 1621 non
1473 1565 1501 1620 in
1514 1579 1598 1621 unum
1613 1563 1722 1620 modum
1736 1564 1780 1618 in·

130 1671 246 1728 eamque
258 1657 345 1714 noluit
359 1672 391 1714 ex
406 1672 460 1714 rano
473 1666 656 1727 perpetuoque
673 1673 736 1714 osse
747 1658 876 1724 formare,
896 1673 931 1716 ne
981 1658 1127 1714 lamisso:
1139 1658 1210 1715 alios
1223 1659 1296 1714 enim
1311 1657 1376 1714 lecit
1387 1659 1538 1729 simplices,
1554 1666 1583 1713 et
1592 1659 1620 1712 in
1629 1656 1723 1713 orbem
1733 1671 1782 1711 ro·

68 1758 70 1769 ’
131 1749 274 1824 gradiendi
286 1750 500 1822 bectendiqnese
514 1749 775 1806 lacnttatemaoimal
787 1749 931 1808 rtonlrabc·
983 1752 1093 1819 landos,
1108 1752 1137 1808 iu
1150 1752 1184 1808 iis
1198 1750 1339 1808 dumtaxat
1365 1752 1496 1818 articulis,
1517 1749 1658 1821 inquibus
1677 1747 1781 1804 moneri

132 1849 184 1898 rel.
196 1841 234 1898 Ex
246 1842 388 1914 ejusparte
398 1843 471 1913 qnasi
482 1842 570 1898 media
583 1843 719 1907 costasirl
728 1853 930 1902 esllraosvcrsa
943 1837 969 1900 B
982 1845 1103 1903 membra
1117 1845 1146 1900 in
1162 1858 1258 1900 omues
1271 1854 1364 1916 partes
1385 1844 1537 1915 oportebat,
1551 1850 1581 1898 ut
1606 1841 1633 1897 in
1647 1841 1781 1911 scapulis3

11 1985 15 2000 ,
133 1943 160 1990 et
169 1933 248 2004 plana
264 1948 325 1991 ossa
338 1935 456 2006 porrexit
466 1935 491 1992 in
505 1935 652 2002 diversum,
669 1937 765 2010 quibus
785 1937 932 1996 clementer
981 1937 1111 2010 qnoniam
1125 1949 1222 1994 manus
1240 1931 1370 1994 utrolibet
1389 1936 1485 2009 agitari
1503 1944 1531 1992 et
1544 1934 1716 2005 contorqueri
1729 1948 1783 1990 ne·

129 2025 260 2092 curratis,
275 2034 303 2081 cl
317 2027 343 2082 in
358 2041 388 2083 se
405 2027 480 2084 solut
495 2028 522 2084 in
541 2028 673 2086 circulum
698 2043 766 2100 pene
778 2028 929 2100 conductis,
981 2028 1280 2087 monmorentius
1293 2037 1384 2086 autem
1398 2030 1477 2094 latos,
1497 2039 1526 2084 st
1546 2028 1677 2099 equales,
1701 2034 1729 2082 et
1753 2024 1783 2082 ln

128 2114 233 2186 interna
247 2118 354 2176 uiscera
377 2130 564 2192 contegantur,
591 2127 676 2186 ntea,
705 2135 765 2192 que
788 2120 879 2178 moltis
902 2129 931 2178 ct
981 2137 1064 2180 naam
1076 2131 1181 2196 partem
1201 2123 1344 2192 conrados,
1368 2129 1397 2178 et
1418 2123 1447 2177 in
1460 2121 1608 2192 biennique
1634 2119 1712 2186 locis,
1734 2118 1783 2174 nbi

128 2209 219 2265 minus
232 2210 320 2266 ualida
341 2211 399 2268 lieri
411 2227 480 2284 opus
493 2223 563 2282 crat,
577 2212 650 2268 illius
662 2212 755 2268 salinas
767 2214 850 2280 cratis
872 2227 931 2270 em·
981 2213 1278 2271 tantummodocorrari
1288 2214 1409 2270 membra
1419 2212 1572 2284 oportebat,
1587 2219 1618 2266 ut
1628 2210 1655 2267 in
1666 2209 1784 2281 gestibus

132 2303 214 2375 plexu
223 2313 333 2374 possent
346 2321 407 2363 esse
425 2307 537 2364 mnnita.
549 2307 577 2364 ln
591 2321 699 2366 summa
713 2321 778 2362 nero
788 2317 930 2364 construc-
980 2309 1044 2366 etin
1054 2308 1199 2371 urbitium
1210 2307 1238 2364 in
1252 2309 1377 2365 unanimis
1387 2307 1464 2377 ipsis.
1479 2305 1547 2362 itant
1561 2307 1632 2362 sicut
1644 2317 1785 2360 manuscr

130 2393 376 2468 tiottisejns,quam
389 2399 507 2454 similent
518 2397 931 2470 nasiscariuaedlrimns,oaput
979 2417 1014 2458 eo
1027 2399 1099 2471 loco,
1109 2401 1183 2457 unde
1204 2401 1338 2466 oriuntur,
1358 2400 1461 2470 ubique
1474 2380 1570 2454 versus
1588 2397 1705 2459 moueri,
1720 2409 1784 2466 spe-

128 2486 280 2562 oollocavit,
295 2488 323 2544 in
337 2505 390 2560 qao
402 2502 475 2550 esset
487 2491 607 2564 reginren
619 2493 699 2548 totius
709 2491 864 2558 animantia
881 2491 929 2548 la-
980 2494 1085 2551 ciosum
1095 2494 1179 2550 sinunt
1191 2503 1219 2551 et
1232 2495 1299 2550 utilc
1310 2473 1361 2549 tuit
1376 2511 1382 2549 :
1396 2493 1436 2547 sio
1450 2491 1590 2562 protecto,
1605 2489 1628 2546 si
1644 2489 1696 2545 boc
1709 2487 1784 2544 illem

129 2581 289 2652 trrmottailti
305 2581 928 2654 boenomenesl,utquidemllarroadssicero·
980 2590 1063 2648 edum
1077 2589 1177 2646 osrbitis
1190 2589 1346 2656 uenderet,
1370 2597 1399 2644 et
1416 2598 1602 2658 supervacuus
1624 2590 1699 2640 osset
1722 2582 1785 2654 ejus

126 2685 190 2740 nom
198 2673 303 2740 scribit,
311 2675 382 2746 qrtod
394 2675 569 2748 biuoeapiant
579 2676 685 2734 initium
692 2691 788 2734 sensns
799 2692 832 2734 ac
840 2678 929 2736 nervi.
980 2683 1055 2740 randi
1069 2694 1169 2751 motas,
1180 2691 1208 2738 et
1220 2682 1316 2752 turpis.

161 2764 201 2822 Ea
214 2780 290 2832 nero,
302 2783 362 2838 quac
375 2769 495 2826 diximus
504 2770 538 2826 de
551 2784 678 2840 corpore,
693 2771 736 2827 vel
762 2771 927 2838 ambulandi,
1014 2773 1074 2833 lam
1086 2775 1160 2832 caint
1173 2789 1269 2832 manus
1288 2773 1386 2829 amissa
1397 2771 1546 2842 dignitate,
1560 2783 1641 2840 qnam
1653 2781 1725 2824 nunc
1735 2766 1786 2822 ba·

125 2854 170 2912 rel
185 2854 309 2921 laebndi.
321 2859 364 2914 vol
378 2859 486 2917 notandi
505 2875 586 2918 causa
600 2877 662 2920 osse
683 2863 929 2936 productumque
978 2866 1037 2935 bet,
1057 2867 1210 2926 mobilitate
1231 2867 1314 2922 nimia
1338 2862 1493 2936 proboscidi
1517 2859 1615 2917 similis
1634 2859 1784 2926 videretur,

127 2947 242 3008 nimium
260 2951 360 3024 lottgis,
375 2962 485 3026 propter
494 2955 611 3014 celerem
625 2957 814 3026 mobilitatem,
837 2949 960 3032 nequcC
976 2968 1103 3034 musac
1112 2960 1283 3032 bomoplane
1294 2958 1475 3030 anguimanus
1487 2973 1496 3011 ι
1510 2951 1582 3026 quod
1601 2951 1724 3025 peuusin
1738 2949 1785 3008 itia

787 3089 971 3152 tentonttlt
989 3093 1106 3154 NOTAE.

124 3204 208 3262 editis
222 3190 251 3263 et
260 3206 385 3262 omnibns
399 3222 464 3263 mss.
478 3202 627 3275 codicibus,
640 3224 694 3266 ιιιιο
708 3208 819 3280 dempto
831 3226 926 3267 recen·
978 3212 1156 3270 Desideratus
1168 3213 1196 3269 in
1206 3212 1269 3269 edd.
1284 3211 1367 3285 Tbys.
1384 3219 1413 3266 ct
1425 3208 1497 3267 Gall.

123 3276 232 3331 tissime
245 3276 412 3345 colbertino,
438 3279 464 3334 in
479 3294 545 3351 quo,
563 3281 633 3337 sicut
649 3289 677 3335 et
697 3282 722 3336 in
747 3281 870 3353 vulgatis,
885 3290 928 3341 est

123 3345 314 3417 perducerent:
329 3349 400 3421 quod
410 3350 480 3406 idem
493 3351 656 3409 estilodent
671 3366 753 3407 sensu
773 3352 924 3423 producere,

122 3432 177 3490 pro
189 3419 337 3487 padusae,
351 3420 422 3493 apud
438 3422 606 3479 Terentium.
617 3423 671 3479 Nec
681 3422 774 3479 dubito
788 3425 853 3492 ursin
867 3425 927 3481 limo

123 3490 247 3559 getlaina
263 3491 297 3548 sit
310 3490 441 3547 Lactantii
455 3492 544 3548 lectio.
559 3492 662 3549 Eodem
677 3508 760 3549 sensu
775 3496 927 3565 producere,

121 3560 198 3629 apud
214 3560 400 3619 Columellam.
413 3562 480 3631 Quis
489 3564 561 3619 enim
574 3564 699 3620 librarius
710 3566 736 3621 in
747 3567 927 3636 producerent,

121 3641 323 3691 commutasset
332 3633 510 3700 traducerent,
522 3650 617 3691 vocem
628 3636 755 3693 omnibus
766 3637 874 3693 notanti

162 3702 242 3759 Enim
255 3720 286 3761 aa
300 3706 372 3779 feria
388 3702 555 3763 llestmtbaac
568 3708 593 3763 in
609 3723 660 3765 ms.
678 3708 745 3765 Bor.

164 3795 219 3853 Sed
232 3794 266 3850 ud
285 3797 431 3866 sumendum
444 3798 696 3868 temperandumque.
714 3797 793 3866 llera,
811 3809 839 3854 ut
864 3814 925 3856 cum

122 3867 246 3923 Gellario
260 3868 366 3939 opinor,
380 3866 510 3924 Lactantii
526 3869 615 3933 lectio,
629 3880 745 3941 quse-est
757 3874 926 3941 manuscrip-

123 3938 244 3995 toruml
258 3938 334 4009 ltcg„
363 3938 465 4005 Cano,
478 3938 571 4005 Gorb,
591 3940 711 4007 dljolb,
739 3941 818 4006 Non,
845 3942 910 3996 lim.

126 4010 195 4076 tln,
209 4008 285 4079 Llps.
302 4025 311 4065 t
334 4010 416 4064 Brun.
432 4026 463 4065 ao
473 4010 535 4066 edtl.
548 4012 626 4067 Rom.
641 4014 721 4076 llll,
736 4012 819 4079 llll,
833 4020 860 4067 et
874 4014 925 4069 na-

124 4082 176 4139 tul.
192 4094 254 4137 cnm
268 4094 335 4137 mss.
347 4081 361 4135 1
377 4080 453 4136 colb.
466 4091 494 4137 et
506 4082 612 4145 Μιιιιι..
624 4084 651 4136 in
665 4086 762 4153 paitrus
777 4093 819 4139 est
832 4094 927 4149 terripa-

124 4151 299 4223 renouasque,
311 4151 419 4207 omissis
431 4155 477 4208 setl
489 4154 523 4207 nd
535 4152 693 4223 (poleridum.
704 4154 754 4211 ltu.
765 4154 843 4209 ltorn.
857 4155 926 4212 1168

125 4222 209 4279 habet
217 4221 449 4293 reparandamque,
462 4238 510 4293 pro
519 4225 761 4297 temperandumque
770 4242 779 4292 ,·
789 4226 859 4295 qnod
867 4242 927 4282 uer-

125 4294 191 4349 bum
205 4309 258 4350 non
270 4292 452 4363 intelligentes
463 4295 554 4365 plnres
565 4296 677 4361 librarii,
688 4298 713 4351 ei
729 4298 928 4353 substituerunt

126 4364 324 4435 tenendamque,
335 4374 365 4419 nt
377 4363 395 4419 1
407 4366 487 4432 Bon„
499 4366 634 4435 altem
647 4366 736 4433 colb,
747 4368 826 4433 Tam,
838 4367 926 4437 nolu,

1015 3302 1123 3361 tisim.
1137 3304 1167 3359 ln
1182 3318 1235 3361 ms.
1249 3305 1315 3360 Bnr.
1327 3304 1442 3371 finirent.

1014 3399 1180 3467 latormnnit.
1195 3398 1309 3454 Restitni
1321 3411 1356 3453 er
1371 3392 1561 3451 uetustioribus
1571 3391 1652 3448 editis
1662 3390 1785 3448 cunctis-

978 3487 1033 3543 tpte
1043 3486 1124 3535 mss..
1135 3468 1366 3541 demptisbcolb.
1381 3481 1436 3523 rec.
1453 3468 1479 3521 in
1492 3468 1591 3535 quilius
1601 3472 1644 3519 est
1655 3466 1783 3544 reforma·

979 3545 1025 3607 uit,
1039 3552 1068 3600 et
1081 3558 1135 3598 ιιιιο
1150 3543 1217 3613 Reg.
1232 3540 1296 3596 item
1309 3554 1364 3595 rec.
1379 3539 1406 3594 in
1419 3552 1483 3609 quo,
1499 3538 1569 3592 sicut
1583 3546 1611 3591 et
1629 3535 1655 3590 in
1669 3534 1785 3603 uulgatus

983 3628 1040 3671 rec.
1056 3622 1098 3669 est
1116 3612 1245 3685 [emunit.
1259 3610 1331 3682 qnod
1342 3610 1413 3665 idem
1428 3618 1479 3663 est.
1490 3606 1568 3678 Scope
1582 3605 1654 3662 enirn
1665 3602 1782 3661 Lactan-

929 3736 932 3743 .
983 3686 1036 3741 tius
1051 3684 1133 3741 rerba
1145 3684 1294 3755 composita
1306 3688 1420 3750 usurpat
1432 3694 1481 3750 pro
1488 3678 1667 3746 simplicibus,
1676 3685 1704 3730 ct
1716 3675 1784 3730 sim-

984 3756 1062 3827 plicia
1078 3771 1127 3827 pro
1149 3756 1334 3827 compositis:
1358 3769 1419 3825 utrae
1444 3752 1611 3807 recentiores
1630 3746 1784 3805 emendare

984 3828 1106 3885 solentes
1119 3843 1261 3899 perperam
1282 3828 1467 3883 immutarunt.
1477 3852 1511 3864 -
1521 3818 1687 3883 interamnii.
1698 3818 1782 3873 Corn-

983 3901 1177 3969 positumscite
1190 3913 1239 3970 pro
1261 3897 1374 3968 simplici
1391 3895 1490 3963 posuit.
1511 3904 1541 3947 ιιι
1562 3906 1623 3960 cap.
1637 3891 1670 3945 tl:
1688 3887 1784 3945 Noluit

916 3985 924 4011 ι
984 3968 1053 4027 llctm
1068 3968 1173 4043 (aures)
1195 3969 1315 4025 mollilm
1341 3964 1467 4036 pelliculis
1478 3966 1638 4035 intertisam
1651 3975 1712 4029 cap.
1729 3959 1782 4015 ibt

984 4040 1098 4167 mmssue
1111 4042 1247 4114 conpnlntp
1260 4041 1411 4112 informant]
1426 4053 1451 4095 o.
1467 4038 1512 4105 19,
1525 4034 1643 4105 corporis
1656 4032 1785 4103 lttsormn·

979 4114 1025 4168 tio.
1068 4129 1113 4168 un.

1016 4204 1123 4262 Cursori
1135 4207 1247 4262 membru
1263 4206 1403 4276 oportebat.
1428 4202 1495 4259 Ven.
1513 4200 1594 4269 tlte,
1607 4208 1720 4270 utraque
1736 4197 1782 4266 78,

979 4273 1784 4343 libili,Pier..Parrb.,Paris..ltnsrt.maleintorseruntcur·

979 4350 1035 4405 anri
1049 4346 1162 4403 urembru
1183 4351 1209 4402 in
1231 4363 1325 4405 omnes
1340 4357 1431 4418 partes
1451 4344 1595 4411 oportebat,
1611 4340 1786 4398 ltscomtnutle

125 4436 244 4502 lgm,
259 4436 345 4503 (pap,
369 4436 473 4505 papa„
495 4438 506 4491 p
524 4437 607 4493 prun,
619 4438 691 4507 quod
711 4438 782 4492 ΜΘΗ,
805 4448 857 4493 est.
875 4440 928 4494 Sep
980 4436 1015 4477 ex
1028 4420 1162 4491 prioribus
1176 4420 1308 4490 repetita,
1322 4420 1421 4491 quibus
1442 4426 1575 4487 repugnat
1597 4413 1783 4470 tnratnrmaodo.

126 4508 191 4578 qtsid
202 4506 253 4563 sibi
264 4506 358 4561 uolunt
370 4510 460 4562 colori
473 4507 537 4563 editi
551 4510 752 4577 commarceio
766 4511 926 4581 ussilimen,
941 4504 969 4566 lt

126 4578 379 4645 scdodlneicndam
401 4580 627 4651 sperandamque?
648 4582 724 4652 qnasi
748 4580 849 4647 lacere,
875 4597 930 4638 non

126 4648 198 4704 idern
209 4650 245 4703 sit
257 4663 288 4705 ac
298 4650 414 4720 operari.

168 4720 313 4793 balamber
325 4732 347 4774 et
368 4722 485 4776 baalim
498 4722 608 4777 onitas.
624 4722 688 4778 llss.
705 4724 789 4781 llrnn.
809 4735 837 4781 et
862 4723 929 4779 edit.

127 4790 217 4848 bault.
231 4791 373 4861 trucioribus
383 4801 406 4847 ct
418 4792 575 4849 licueritne
584 4795 699 4850 ¹omibus.

164 4860 268 4917 llollin.
281 4862 344 4919 liss-
359 4864 371 4917 1
390 4864 507 4929 nonum,
521 4865 538 4919 1
554 4864 667 4935 Rem
690 4864 822 4928 colbert..
838 4866 930 4922 Balara.

11 4973 15 4985 ,
128 4933 259 4989 molliora.
273 4934 369 4991 Gaetcri
380 4950 441 4991 cum
453 4936 579 4993 omuibus
591 4936 682 5004 editis,
694 4946 725 4993 ut
736 4937 763 4992 in
781 4946 855 4994 textu
869 4952 932 4994 nos·

128 5011 266 5137 “flotano
276 5078 363 5133 alst..
378 5076 486 5149 virgil..
501 5094 539 5135 xl
553 5077 617 5135 mi..
633 5095 660 5133 v.
675 5080 744 5137 sos:

251 5170 409 5234 Transatligit
419 5180 501 5223 costas
512 5180 539 5223 et
555 5178 639 5223 crates
648 5172 757 5236 pectoris
769 5182 866 5224 ensem.

165 5252 243 5309 0rid.
257 5252 306 5309 lib.
319 5268 366 5309 unt
377 5253 484 5309 lictant.
501 5269 574 5310 rers.
587 5255 657 5313 toll:

253 5346 345 5399 Pectus
357 5354 384 5398 ct
394 5362 409 5421 a
420 5350 496 5413 spinae
508 5350 674 5401 tantummodo
686 5354 754 5403 crate
767 5353 859 5403 teneri.

130 5450 188 5510 Lib.
200 5468 238 5510 ιιι
249 5452 358 5509 blelam.
372 5468 443 5509 vers.
452 5456 522 5513 sltl:

253 5544 314 5605 Qus
327 5542 417 5607 (Malu)
428 5544 535 5596 laterum
547 5551 639 5599 cratem
648 5550 771 5613 perrupit.
819 5546 882 5601 Bon.

169 5624 217 5683 Vel
226 5626 351 5697 faciendi.
368 5626 495 5683 Additum
510 5632 657 5687 excunctis
666 5648 731 5687 mss.
747 5643 775 5689 et
789 5634 823 5691 11
833 5634 928 5691 edilis:

129 5696 204 5756 deest
217 5714 283 5754 tero
296 5700 321 5753 ln
338 5698 422 5769 Tbys.
436 5709 462 5754 et
476 5698 545 5757 Gall.
600 5757 609 5777 1

164 5768 198 5825 lb
213 5770 312 5838 petreis.
325 5766 581 5827 Similiterarlslitum
595 5788 627 5827 ex
638 5772 671 5827 11
683 5774 790 5830 etcnsis
800 5782 827 5831 ct
840 5774 929 5831 ornul-

130 5838 177 5898 bus
191 5856 258 5903 mss.
272 5842 383 5918 dentpto
398 5858 451 5903 utto
466 5841 634 5911 Cotbortino,
658 5846 700 5901 cni
716 5855 756 5901 est
783 5858 806 5903 et
828 5846 927 5913 parnis.

1661 4484 1729 4541 Butt.

1020 4584 1063 4642 En
1072 4602 1102 4641 co
1116 4587 1171 4643 loco
1183 4586 1253 4641 sude
1263 4585 1380 4640 οιίιιιιιιιι
1393 4582 1494 4655 ulique,
1506 4590 1559 4636 etc.
1571 4580 1617 4636 Sic
1629 4577 1736 4647 reposui
1751 4592 1785 4633 ex

983 4658 1263 4717 vetustioriboseditis
1272 4654 1512 4728 etnuamplurimis
1525 4666 1590 4708 mss.
1605 4648 1784 4720 Quirruneslii

982 4739 1011 4783 ct
1025 4729 1124 4799 sabati
1139 4745 1194 4786 rec.
1207 4746 1238 4783 co
1251 4730 1389 4795 omittunt,
1400 4737 1428 4783 ct
1442 4734 1502 4797 post
1513 4726 1632 4780 oriuntur
1642 4722 1786 4787 adulante

870 4812 875 4819 ·
982 4816 1090 4865 menore
1103 4802 1196 4873 :quod
1209 4800 1392 4872 sepontinum.-

1019 4892 1170 4950 Prolorctdi
1193 4896 1286 4951 riutilio
1307 4894 1443 4951 uideretur.
1466 4888 1612 4949 Probosois
1631 4902 1727 4944 marrus
1741 4898 1785 4943 est

982 4966 1143 5035 elephantis,
1156 4982 1209 5037 qna
1221 4968 1298 5023 obvia
1312 4980 1425 5037 quamque
1439 4964 1489 5019 sibi
1504 4962 1608 5031 objecta
1624 4960 1785 5017 submonere

983 5038 1162 5107 dicitnrmnar
1174 5053 1236 5093 enm
1254 5038 1387 5109 serpentis
1414 5038 1498 5090 instar
1520 5030 1719 5111 flexilis-sitmb
1734 5030 1786 5085 bac

983 5110 1155 5179 eteptmmum
1170 5111 1359 5180 anguimanum
1384 5108 1450 5163 dixit
1464 5104 1584 5164 Lueret..
1599 5100 1653 5185 bb
1667 5104 1684 5157 ti
1706 5107 1732 5181 ot
1756 5115 1784 5154 v.

984 5179 1125 5235 lleeatlem
1141 5181 1247 5249 Cicero,
1259 5197 1277 5236 ιι
1291 5180 1324 5235 de
1337 5182 1397 5235 ilat.
1411 5180 1503 5242 ileon,
1519 5185 1546 5231 ct
1560 5176 1684 5240 buslot,
1701 5171 1748 5227 bb.
1765 5186 1785 5227 ιι

983 5250 1018 5305 do
1030 5250 1131 5307 Partib.
1154 5251 1248 5319 anim,
1265 5266 1324 5321 cap.
1339 5250 1383 5316 16,
1408 5250 1525 5305 Isidorus
1551 5246 1597 5300 lib.
1614 5259 1668 5325 att,
1683 5256 1742 5313 cap.
1754 5242 1784 5297 1.

985 5322 1111 5377 Rostrum
1125 5322 1260 5394 elephanti
1282 5323 1433 5393 promuscis
1447 5321 1553 5383 dicitnr,
1568 5328 1620 5385 qno
1646 5314 1690 5368 tlte
1705 5314 1785 5380 pabu-

983 5393 1038 5448 lum
1050 5395 1090 5449 ori
1100 5394 1236 5461 admonet,
1248 5401 1327 5451 otest
1340 5392 1418 5465 anguli
1437 5389 1543 5446 similis.
1559 5386 1782 5441 Rrrrsnsuusrus.

981 5494 1019 5509 ·-
1028 5465 1092 5521 tiss.
1107 5475 1210 5536 septem
1232 5466 1333 5520 babent
1346 5463 1503 5535 probomidir
1517 5457 1625 5523 tinnitu
1638 5466 1700 5511 octo
1719 5470 1783 5513 cnut

982 5537 1026 5594 etl.
1042 5536 1119 5592 Rom.
1143 5536 1223 5605 tltll,
1247 5536 1417 5609 promuscidis
1422 5552 1433 5603 ,·
1454 5530 1552 5599 snm.
1567 5541 1622 5583 rec.
1633 5536 1660 5584 et
1673 5526 1783 5597 llarm„

982 5606 1160 5679 pronrosct'rlt‘r.

1018 5700 1205 5770 Asrpnimnnns.
1221 5696 1475 5761 Notatbucretium,
1490 5690 1536 5763 utri
1548 5688 1720 5759 elephantum
1732 5705 1783 5746 nn·

980 5774 1130 5843 pninmnam
1150 5771 1332 5841 cogrromiuat,
1345 5768 1390 5823 lib.
1405 5780 1434 5827 rt,
1445 5780 1478 5819 eo
1488 5762 1559 5831 unod
1573 5759 1723 5843 proboscis,
1734 5776 1784 5827 aas·

980 5844 1073 5914 poium
1086 5843 1181 5911 tamar,
1193 5842 1221 5899 iu
1234 5855 1329 5899 omues
1342 5847 1431 5908 partas
1443 5829 1675 5903 circumtectam,
