4017 6350
47 344 106 406 aaa
393 334 547 399 bassaus.
569 332 603 391 tlt
622 332 688 393 Llll.
710 330 754 390 DE
775 328 950 391 ubertatis
968 327 1159 390 PERSECUT.
1179 327 1256 388 GAP.
1277 326 1347 387 xttl.
1648 326 1706 391 9θᾶ

50 459 97 523 bi,
125 456 254 527 illiusque
272 451 408 525 exemplar
420 453 534 525 singulis
546 450 606 508 dari
621 450 762 508 militibus.
787 448 892 515 ludeA
940 446 1021 504 iubet
1033 462 1100 519 crgo
1120 448 1269 518 imperator
1288 452 1318 501 at
1331 443 1409 512 rualli,
1424 455 1504 516 qaam
1519 441 1647 509 soluerit,
1665 459 1709 499 rc·

50 548 79 604 lvi
93 548 247 604 alacriores
260 546 337 613 lacti,
360 553 505 615 antequam
519 544 640 615 pralium
651 544 678 599 iu
693 556 790 614 campe
803 541 854 599 Se·
908 538 1036 609 llgionem
1046 539 1228 610 amplectendi
1241 536 1355 596 lacaltas
1365 538 1533 610 denegetur:
1551 556 1560 590 ι
1577 546 1606 594 ιιι
1621 538 1707 607 possit

48 658 122 701 ,gno
134 642 253 712 instem,
267 651 308 699 ter
320 649 379 712 9031
394 642 585 713 qmpemofgm
599 640 774 711 qmngchpqas
792 652 854 709 pse.
906 644 1012 687 summa
1036 631 1187 699 Divinitas,
1206 652 1216 686 r
1233 622 1407 703 Imperatoris
1435 630 1493 687 bacc
1513 630 1602 687 adbuc
1623 630 1707 687 verba

48 753 96 796 ces
111 737 250 794 luderent.
266 735 333 793 ium
347 744 451 808 postea,
467 750 528 793 cum
540 733 700 792 Maximinus
712 733 745 791 ad
761 747 855 806 pacem
905 732 984 791 suot,
998 738 1014 779 a
1027 722 1130 781 Cecilio
1141 725 1319 797 transcripta,
1336 726 1346 800 (
1360 744 1370 780 ι
1389 724 1466 797 cuitus
1478 724 1603 797 religioni
1614 723 1709 780 liberis

48 832 183 891 lcrrinon
194 831 334 906 potuisset,
348 829 441 887 lrostes
451 840 526 887 tanto
535 830 638 901 impetu
647 828 815 895 adoriuntur,
826 834 857 885 ut
906 817 1041 875 mentibus
1055 817 1235 890 ⁰ll¹⁰d¹¹i¹¹¹l¹l
1249 816 1298 890 lin
1310 820 1436 877 ⁰¹¹¹¹llb⁰³
1457 819 1567 876 ⁵0¹l¹¹¹¹¹¹
1583 819 1706 876 silwim

48 926 96 994 iis,
110 923 192 982 sicuti
200 924 328 991 diximus,
343 923 377 981 ad
391 922 602 981 internecionem
619 922 725 993 deletis,
736 921 856 979 llaxinri-
906 928 984 969 suum
999 912 1273 985 benevolentiamque
1291 926 1429 986 praestare.
1449 933 1459 969 r
1476 914 1542 985 Qua
1553 922 1642 971 autem
1654 928 1706 969 un·

48 1031 102 1075 nus
116 1017 164 1074 vix
177 1016 237 1089 rega
251 1015 321 1073 eleb}
335 1018 461 1086 peruersa,
905 1004 975 1062 ciuis
994 1006 1169 1076 inclusimus,
1192 1005 1221 1063 in
1239 1005 1349 1063 Eusebii
1365 1013 1439 1063 textu
1454 1022 1507 1063 nou
1521 1005 1705 1063 inueniuntur.

86 1110 191 1169 Verum
206 1110 243 1167 ibi
265 1123 317 1167 nas
330 1108 436 1166 medias
449 1109 533 1167 veluti
555 1108 626 1166 inter
638 1110 713 1165 acies
733 1118 856 1167 moratur
905 1099 948 1157 Ab
962 1114 995 1157 ⁸0
1007 1114 1072 1158 tell>
1083 1101 1214 1172 scriptam
1226 1100 1326 1172 legitur
1336 1100 1366 1159 τό
1379 1104 1453 1169 arsos,
1469 1100 1582 1157 dianam
1592 1114 1705 1167 ’temtus

49 1203 170 1263 Tollius.
184 1202 320 1259 Audacter
332 1201 403 1259 enirn
417 1202 573 1275 pronuntiat
583 1200 630 1257 bas
642 1216 747 1274 preces,
761 1216 857 1274 quem·
906 1207 1016 1267 proque
1025 1191 1143 1252 Ceeilittt
1155 1194 1234 1260 dixit,
1245 1210 1346 1251 tautam
1355 1193 1492 1263 Divinitas,
1506 1194 1603 1267 luitque
1616 1192 1707 1250 verlrls

49 1298 201 1357 admodum
225 1298 310 1355 visam
336 1298 362 1353 in
378 1298 485 1355 somnio
499 1312 514 1355 a
529 1295 707 1355 Constantino
726 1312 854 1365 crucem,
907 1302 961 1342 ¹¹⁰⁰
976 1286 1098 1357 iupiter,
1121 1294 1150 1343 ¹¹²
1162 1286 1271 1359 quidam
1286 1294 1397 1358 putant,
1418 1286 1468 1344 ⁵0⁶
1485 1285 1705 1359 issignidcatur,

49 1392 119 1451 nihil
143 1406 203 1450 esse
225 1388 297 1447 allud
318 1404 399 1462 quam
425 1398 605 1463 stratagema,
629 1404 683 1463 quo
702 1388 803 1445 milites
821 1386 855 1445 ad
907 1383 984 1455 cojva
997 1400 1101 1441 summa
1122 1393 1158 1441 est
1174 1384 1312 1453 diuinitas,
1330 1385 1428 1451 idest,
1445 1382 1707 1441 hauddubieverus

52 1500 177 1559 pugnam
196 1486 286 1543 acrius
300 1482 524 1540 accenderentur.
541 1482 594 1540 Sed
608 1482 758 1539 audacioris
770 1480 858 1537 bomi-
907 1493 1104 1549 supremusque
1119 1479 1200 1535 betas
1217 1478 1251 1535 lit
1263 1478 1290 1535 id
1302 1478 1411 1551 quidem
1424 1493 1460 1535 cx
1485 1477 1574 1535 allatis
1583 1476 1707 1550 superio-

51 1578 97 1636 nis
121 1576 267 1651 impudens
290 1576 428 1633 temeritas
442 1590 457 1631 a
471 1574 606 1643 Bandrio,
630 1574 752 1647 ejtrsdent
774 1590 856 1633 secte
907 1570 982 1627 ribus
993 1572 1084 1628 uerbis
1095 1571 1184 1645 colligi
1197 1569 1277 1628 lacile
1287 1580 1386 1643 potest.

50 1670 123 1741 siro,
135 1670 198 1743 jure
213 1670 311 1727 merito
325 1666 498 1737 retunditur;
516 1670 618 1725 trullam
633 1670 705 1725 enim
723 1668 796 1724 illius
808 1682 856 1723 va·
944 1662 1038 1736 Pergit
1050 1662 1223 1736 Imperator:
1242 1682 1252 1717 ι
1271 1663 1361 1733 Quare
1373 1664 1443 1722 scire
1456 1663 1618 1722 dicationem
1633 1672 1706 1721 tuam

51 1780 95 1822 nas
105 1764 280 1837 conjecturae,
293 1762 479 1821 attemerariac
489 1761 645 1820 assertionis
655 1761 765 1832 protulit
776 1760 858 1817 ratio-
907 1757 1034 1815 convenit
1044 1757 1178 1829 placuisse
1188 1759 1284 1827 uobis,
1299 1768 1339 1829 ut,
1350 1758 1585 1817 amotisomnibus
1595 1759 1707 1816 omnino

53 1874 130 1917 atem.
142 1859 183 1916 Ad
194 1858 338 1926 ltaccvero,
352 1856 413 1929 quis
425 1856 511 1914 nescit
522 1855 676 1927 hujusmodi
687 1855 792 1911 somnia
802 1868 857 1911 nou
872 1850 896 1911 Β
909 1850 1127 1920 conditionibus,
1150 1868 1211 1925 que
1231 1852 1306 1926 prius
1325 1852 1433 1926 scriptis
1455 1853 1489 1909 ad
1503 1853 1621 1910 cilicium
1634 1862 1708 1909 tuum

54 1953 145 2009 solum
170 1949 290 2023 losepho
312 1950 472 2023 patriarcba
492 1948 605 2021 aliisque
618 1948 670 2021 piis
686 1947 858 2017 bominibus,
908 1942 997 2014 datis,
1019 1959 1104 2016 super
1124 1945 1335 2003 christianorum
1362 1946 1472 2003 nomine
1491 1944 1669 2014 videbantur,
1695 1965 1705 2001 r

53 2044 241 2102 verumetiam
252 2042 501 2101 ctbnicisdivinitus
511 2042 631 2099 immissa
640 2042 666 2097 in
675 2039 857 2112 sacrisScrip-
909 2038 962 2095 ulla
978 2039 1080 2112 absque
1092 2039 1217 2098 molestia
1233 2041 1260 2095 bi
1282 2040 1441 2112 religionem
1454 2040 1600 2099 observent
1619 2057 1707 2100 suam.

54 2138 124 2195 turis
150 2135 320 2195 memorari!
345 2134 495 2194 Fatendum
520 2144 608 2192 tamen
628 2144 670 2191 est
692 2135 775 2191 altum
795 2149 857 2192 cssc
908 2130 1022 2203 Quidam
1037 2147 1104 2189 vero
1113 2132 1149 2190 ibi
1157 2134 1340 2206 dignationem,
1356 2150 1410 2190 uon
1421 2135 1575 2191 dicationem
1587 2135 1710 2193 scriben-

54 2232 221 2303 scxiptorum
233 2228 347 2286 aliorum
360 2228 396 2285 de
412 2231 463 2286 bac
477 2227 631 2300 precatione
644 2226 790 2283 silentium.
802 2225 856 2282 Sed
908 2222 972 2280 dum
986 2226 1174 2297 suspicantur,
1189 2227 1239 2283 scd
1249 2224 1345 2285 lvvstra.
1358 2226 1462 2285 Nomen
1475 2229 1548 2285 euim
1561 2229 1655 2286 dicatio
1667 2240 1710 2288 est

56 2322 161 2380 idcirco
179 2331 306 2393 tauquam
321 2321 402 2378 dolus
415 2328 444 2377 et
458 2328 622 2391 stratagema
634 2326 737 2376 temere
750 2316 857 2390 explodi
909 2318 1006 2377 titulus
1025 2318 1152 2387 honoris,
1167 2321 1212 2394 qul
1228 2320 1385 2393 presidibus
1395 2333 1422 2379 et
1442 2323 1649 2394 proconsulibus
1662 2325 1711 2381 da·

55 2432 110 2474 non
122 2416 228 2485 debuit;
243 2424 271 2474 et
282 2424 356 2473 certe
371 2430 451 2472 nemo
465 2430 566 2488 negare
579 2421 669 2485 potest
680 2428 733 2470 non
749 2415 809 2472 sine
818 2412 860 2470 di·
910 2413 998 2485 batur‚
1015 2416 1054 2471 uti
1069 2426 1142 2487 patet
1154 2432 1210 2473 neo
1222 2418 1311 2475 solum
1321 2432 1355 2475 cx
1368 2417 1501 2475 relatione
1514 2417 1624 2476 anulini
1638 2419 1710 2491 apud

56 2512 112 2567 vini
127 2512 249 2568 numinis
257 2510 357 2568 auxilio
371 2519 537 2583 reportatam
550 2509 634 2567 luisse
646 2523 662 2564 a
673 2506 775 2565 Licinio
789 2507 859 2564 banc
909 2507 1088 2580 Augustioum
1101 2508 1112 2581 (
1123 2509 1260 2583 degestio.
1281 2510 1367 2583 Epist.
1380 2511 1416 2569 88
1431 2511 1456 2583 l,
1471 2512 1518 2571 sed
1532 2514 1611 2570 variis
1628 2514 1709 2571 ctiam

56 2604 91 2663 dc
118 2605 282 2678 impiissimo
316 2614 430 2679 tyranno
464 2603 608 2661 llaxt'miuo
636 2610 689 2659 mm
723 2601 858 2675 insignem
911 2600 1080 2657 Constambd
1096 2600 1184 2673 llagoi
1194 2603 1307 2674 legibus,
1323 2604 1375 2660 boc
1384 2605 1493 2662 circiter
1507 2615 1631 2677 tempore
1646 2622 1710 2677 pro·

57 2700 212 2757 victoriam.
248 2699 303 2757 Sed
330 2700 364 2757 dc
389 2698 431 2755 bis
454 2698 519 2756 visis
544 2698 635 2757 adbuc
658 2697 758 2771 aliquid
790 2697 860 2755 inlra
912 2692 1221 2763 mulgatis.Qoaeautem
1235 2694 1592 2766 coorditioocsaCecilie,bac
1601 2698 1712 2776 αἱρέσεις

56 2791 175 2851 dicetur.
911 2786 1019 2845 beream
1032 2787 1067 2843 ab
1081 2786 1198 2845 Eusebio
1211 2796 1351 2845 vocantur.
1365 2788 1402 2845 dt
1411 2788 1510 2847 latetur
1519 2787 1643 2847 Valesius
1662 2791 1713 2848 olv-

353 2878 500 2921 fflliulli
525 2878 565 2919 ¹¹¹·
911 2894 1018 2938 scuram
1031 2894 1093 2937 esse
1103 2879 1173 2937 banc
1188 2880 1350 2951 dictionem,
1359 2896 1411 2953 qua
1425 2888 1514 2937 tamen
1526 2882 1652 2955 opinatur
1665 2881 1712 2941 dc·

59 2954 98 3013 ⁰⁶
117 2955 203 3015 &5⁶¹⁰
224 2955 292 3032 lm
321 2954 436 3011 filiiflii
459 2972 505 3027 ΡΜ
528 2954 685 3011 ‘willelm
715 2953 861 3013 ‘millium
911 2976 1012 3048 signari
1026 2976 1151 3041 iudaea,
1167 2976 1365 3045 Samaritanae,
1380 2977 1577 3049 ilorciooistas,
1590 2981 1712 3054 aliosque

185 3147 190 3156 Ι
283 3048 407 3109 Εθΰῑθδῖῦ
420 3066 481 3123 l²⁰⁶⁶
491 3048 638 3123 bilbilim·
914 3068 1056 3126 lvaereticos
1067 3111 1075 3137 ,
1088 3070 1187 3143 quibus
1200 3070 1251 3128 ltac
1265 3070 1324 3143 lege
1345 3072 1427 3128 ladem
1441 3086 1518 3129 stram
1536 3076 1633 3132 sectari
1648 3090 1712 3149 per·

94 3163 218 3224 Licinius
229 3174 289 3239 post
301 3164 453 3234 victumeo,
469 3179 523 3237 quo
537 3162 665 3234 vidimus,
682 3162 764 3221 modo
775 3160 861 3222 lluxi·
912 3162 1035 3221 mittitur.
1044 3162 1131 3221 Sedin
1141 3162 1366 3237 quadamcotlicis
1374 3163 1619 3240 Theodosianilege
1627 3170 1714 3243 scrip-

60 3259 181 3326 aninum,
204 3274 330 3331 magnam
354 3259 489 3315 exercitus
511 3257 582 3314 illius
598 3265 719 3329 partem,
743 3273 803 3328 quac
827 3254 896 3318 adC
913 3265 968 3313 tum
981 3255 1107 3325 vidimus,
1121 3258 1238 3313 absalem
1250 3257 1378 3326 berarius,
1392 3266 1420 3316 et
1430 3259 1457 3315 in
1470 3260 1652 3333 subsequente
1664 3277 1712 3317 ua-

61 3365 123 3409 cum
137 3352 316 3424 confugerat,
331 3351 485 3418 distribuit,
499 3350 667 3423 Bosplrorum
683 3349 798 3418 transiit,
815 3364 861 3407 se·
912 3351 993 3408 uelem
1008 3351 1174 3424 [coctionem.
1189 3351 1226 3408 dt
1238 3349 1276 3406 ibi
1290 3349 1402 3408 heresis
1412 3366 1528 3422 oomcn,
1541 3367 1595 3411 nou
1607 3364 1711 3412 sectam

61 3445 155 3518 nitque
168 3442 364 3503 Nicomediam.
390 3441 427 3500 lbi
442 3451 532 3500 autem
557 3443 672 3514 primum
694 3440 861 3500 immortales
911 3445 1031 3517 aliquam
1044 3460 1059 3501 a
1072 3460 1137 3502 vcra
1152 3443 1206 3501 lide
1222 3443 1406 3514 deficientem,
1421 3445 1470 3503 sed
1493 3445 1660 3506 fauctionem
1682 3458 1711 3508 ct

61 3557 111 3615 pro
123 3551 202 3616 parta
213 3540 327 3598 victoria
341 3540 396 3605 [ico
410 3539 510 3613 gratias
525 3539 591 3612 egit.
612 3539 679 3594 Tum
693 3537 791 3596 deinde
805 3537 861 3593 bit·
913 3539 1166 3612 manassignidcat.
1178 3537 1314 3612 Quidquid
1325 3555 1406 3613 porro
1417 3540 1452 3598 de
1465 3540 1578 3600 baercsis
1587 3542 1710 3615 nomine,

63 3647 141 3705 teras,
155 3638 196 3692 alt
209 3635 335 3706 cecilius,
352 3635 410 3692 sive
422 3635 540 3692 edictum
554 3633 588 3692 dc
601 3634 766 3692 restituenda
776 3633 862 3692 cbris-
912 3649 967 3707 quo
981 3631 1113 3690 Eusebius
1123 3650 1211 3708 graece
1225 3633 1343 3692 reddidit
1357 3635 1468 3692 latinam
1480 3651 1574 3695 vocem
1589 3639 1716 3696 coadbio-

65 3731 146 3788 tianae
162 3728 293 3786 Ecclesiae
307 3743 374 3801 pace
385 3727 466 3801 jussit
476 3727 651 3800 promulgari.
668 3727 758 3784 ldibus
770 3736 862 3785 autem
913 3743 959 3782 oea
972 3734 1125 3795 statuatur,
1142 3726 1193 3785 boc
1210 3726 1270 3799 ipso
1288 3727 1461 3798 imperatoris
1474 3730 1573 3800 edicto,
1588 3729 1716 3789 coadae-

63 3825 152 3892 luaii,
167 3824 266 3891 idest,
282 3823 316 3880 ta
327 3823 438 3896 ltajuscc
452 3822 570 3888 mensis,
596 3821 729 3893 tertioque
744 3829 797 3878 lam
822 3821 864 3893 ip-
914 3837 959 3878 aes
970 3822 1041 3878 sumi
1054 3821 1179 3879 videntur
1191 3837 1242 3879 suo
1255 3823 1371 3881 naturali
1382 3839 1464 3882 seusu
1477 3825 1716 3898 prodispcsitioni-

65 3919 131 3988 sius,
150 3917 411 3991 quomCanstaotini
423 3914 863 3983 consulatu,lvocestanuocbristi
914 3915 964 3972 bus
990 3925 1018 3974 et
1027 3917 1212 3988 pactionibus,
1228 3917 1263 3974 ad
1277 3916 1447 3976 Christianos
1459 3919 1580 3990 aliosque
1591 3926 1717 3992 spectan-

64 4011 128 4081 315,
144 4010 213 4068 illud
226 4009 318 4068 datum
331 4009 390 4066 luit.
405 4008 447 4069 ab
460 4017 665 4066 auctoreautem
681 4017 774 4067 nostro
788 4007 864 4066 exbi-
916 4008 997 4078 tibus,
1012 4025 1073 4082 quae
1086 4009 1195 4081 quidem
1204 4010 1230 4066 ln
1242 4009 1303 4067 aliis
1313 4009 1455 4081 rescriptis
1465 4010 1499 4067 ad
1513 4009 1657 4080 praesidem
1668 4009 1716 4065 da-

62 4107 151 4175 bctur,
161 4102 441 4162 sicuvictabssuscbio
451 4101 634 4178 (Euseblibx
651 4101 862 4170 Histroeccles,
917 4101 952 4158 tis
967 4100 1113 4174 proposita
1128 4112 1209 4160 antea
1225 4104 1350 4172 lucrant,
1363 4101 1468 4177 hocque
1484 4101 1573 4159 edicto
1586 4117 1717 4160 amovea-

64 4214 121 4272 cop.
138 4198 156 4254 5
172 4197 195 4270 ),
212 4197 257 4271 qui
272 4195 336 4253 illud
347 4211 380 4252 ex
393 4195 516 4254 Romana
529 4195 618 4268 lingua
632 4195 660 4251 in
670 4193 819 4252 Gracama
834 4209 864 4252 sa
915 4205 960 4254 tur
973 4206 1001 4254 et
1014 4196 1188 4267 abrogentur.

63 4306 227 4350 conversum
241 4290 325 4348 luisse
336 4289 466 4348 declarat.
485 4291 520 4346 bt
532 4288 567 4345 ibi
581 4287 719 4362 praefixum
733 4287 772 4343 illi
783 4287 865 4344 breve
950 4289 1077 4348 Nonnulli
1089 4301 1219 4362 praterea
1229 4290 1384 4348 existimant
1393 4290 1533 4363 sequentia
1544 4290 1635 4360 verba,
1650 4306 1719 4349 acac

64 4387 207 4444 exordium
219 4383 410 4456 transcripsit,
433 4399 449 4441 a
462 4381 563 4440 Cecilio
577 4381 716 4440 omissum.
731 4383 799 4440 Nam
814 4383 865 4440 iste
916 4399 1003 4442 cauere
1006 4423 1062 4439 .....
1075 4384 1244 4452 contendant,
1264 4399 1325 4442 esse
1339 4383 1427 4441 adbuc
1447 4385 1608 4457 depravata,
1625 4400 1657 4442 ac
1669 4400 1719 4457 pro

66 4478 124 4551 ejus
139 4479 246 4536 initium
260 4479 294 4535 ab
306 4477 349 4534 bis
364 4476 550 4533 tautummodo
560 4491 639 4533 orsus
653 4483 695 4533 est
706 4477 795 4534 verbis
807 4476 866 4548 qui·
916 4478 1113 4552 iislegcndum‚
1124 4493 1274 4553 mesoaga,
1289 4495 1320 4534 ac
1334 4494 1436 4547 mere,
1449 4479 1506 4547 alii,
1518 4495 1623 4553 proreta
1636 4479 1719 4547 tera,

65 4571 116 4630 bus
142 4571 336 4628 Constantinus
359 4579 388 4628 et
401 4569 522 4628 Licinius
536 4568 690 4642 signillcant
712 4585 742 4628 se
763 4569 867 4627 lledio·
918 4580 1071 4629 etaaostso
1080 4571 1314 4628 clemmtiaalienoe
1325 4571 1486 4628 ridebantur.
1496 4572 1719 4629 Emendatioocm

67 4667 158 4725 lanum
174 4667 347 4734 covvvenisso,
374 4665 464 4738 ibique
477 4665 572 4736 plura,
591 4664 633 4721 vel
648 4667 718 4720 sicut
730 4663 801 4736 apud
811 4663 866 4721 Eu·
877 4657 904 4720 D
917 4671 1007 4724 autem
1019 4665 1090 4725 banc
1104 4667 1167 4725 inde
1180 4667 1346 4724 confirmare
1359 4668 1498 4736 rrituutur,
1514 4669 1576 4740 qaia
1585 4683 1674 4741 graece
1685 4666 1721 4725 ab

67 4761 170 4818 sebinno
184 4801 192 4828 ,
206 4763 289 4819 arinca
302 4759 363 4828 ὅσα,
383 4757 588 4833 quoecamqaesd
599 4757 753 4829 reipublicae
764 4757 863 4814 bouum
918 4761 1039 4819 Eusebio
1062 4761 1192 4834 scriptum
1216 4769 1259 4820 est
1272 4780 1279 4817 ι
1293 4760 1324 4821 a'
1337 4786 1395 4824 τινα
1419 4766 1486 4822 πάνυ
1504 4765 1598 4832 σκαιὰ,
1615 4767 1660 4821 καὶ
1673 4773 1720 4826 ric

68 4854 217 4924 spectantia
229 4852 344 4910 sollicite
363 4853 535 4922 inquirendo,
552 4851 578 4909 ld
601 4853 628 4908 in
644 4851 738 4922 primis
755 4849 865 4907 duxisse
918 4857 1046 4934 ipseipse
1064 4856 1211 4935 πρᾳότητος
1221 4855 1343 4934 ἀλλότρια
1357 4852 1422 4913 εἶναι
1435 4855 1527 4920 ἐδόκει,
1546 4872 1604 4929 gasts
1616 4871 1721 4925 praem

69 4947 252 5014 statuendum,
269 4955 298 5003 ut
310 4945 454 5019 unicuique
465 4955 585 5019 potestas
596 4945 680 5004 libera
690 4958 774 5010 esset,
784 4959 863 5017 quam
917 4949 1036 5018 sinistra,
1061 4959 1085 5005 et
1105 4965 1121 5004 c
1141 4960 1230 5006 nostra
1248 4949 1444 5006 atanasstudias
1461 4949 1545 5006 alicua
1559 4948 1719 5003 ridebantur.

68 5037 169 5108 vellet,
192 5038 349 5112 religionem
369 5038 562 5096 consectandi:
581 5056 591 5092 ι
609 5037 685 5108 Quod
700 5036 808 5110 quidem
821 5035 864 5094 di·
918 5040 970 5097 Sed
983 5042 1006 5096 is
1018 5043 1062 5113 qni
1079 5042 1130 5098 boc
1145 5041 1263 5099 edictum
1279 5059 1296 5100 c
1310 5043 1393 5100 latiuo
1413 5041 1552 5107 idiomate,
1566 5039 1605 5096 uti
1618 5039 1719 5095 dictum

69 5130 180 5202 vinitas,
194 5151 205 5187 ι
224 5132 262 5190 ait
274 5130 390 5188 cecilius
402 5134 435 5206 (a.
451 5130 508 5205 ts),
527 5151 538 5185 ι
556 5131 583 5189 in
593 5132 658 5190 sede
668 5131 772 5190 coelesti
787 5131 865 5187 nobis
919 5141 979 5202 est,
995 5133 1022 5188 in
1035 5149 1153 5206 graccum
1165 5136 1256 5202 vertit,
1266 5133 1390 5207 quaedam
1404 5133 1441 5190 ibi
1454 5129 1642 5202 explicationis
1653 5144 1720 5186 cau·

70 5234 151 5297 atque
161 5225 302 5294 omnibus,
313 5225 359 5298 qui
370 5225 421 5281 sub
432 5233 566 5299 potestate
580 5236 670 5282 nostra
687 5235 751 5281 suvu
764 5223 867 5280 consti·
918 5239 959 5291 sa,
974 5235 1002 5280 ct
1015 5233 1231 5305 eapoeppamae
1244 5226 1332 5297 potuit
1341 5224 1469 5297 adjicere.
1484 5221 1559 5278 biota
1573 5221 1662 5292 itaque
1671 5217 1723 5277 dil·

71 5318 139 5388 tuti,
162 5319 295 5391 placatum
319 5333 351 5374 ac
370 5316 515 5390 propitium
539 5317 625 5388 possit
650 5320 776 5374 existere.
805 5315 867 5372 rdt
918 5314 990 5375 licile
1004 5330 1047 5376 est
1063 5332 1260 5389 quenamvera
1274 5316 1414 5374 sitllecilii
1428 5314 1524 5382 lectio,
1538 5314 1646 5384 quando
1659 5313 1720 5385 qui·

72 5423 152 5468 nemo
168 5427 221 5469 nou
236 5411 308 5470 videt
322 5423 449 5482 corrupta
462 5410 590 5468 csselraec
600 5409 693 5477 acrba,
709 5411 867 5480 nullumque
918 5410 979 5468 dem
994 5411 1040 5478 ibi,
1054 5411 1134 5468 sicuti
1148 5419 1176 5468 ct
1190 5412 1360 5485 paulopost,
1376 5407 1478 5481 aliquid
1494 5407 1603 5465 videtur
1615 5408 1721 5466 librarii

71 5503 104 5561 iis
113 5519 221 5561 sensum
233 5521 313 5578 posse
323 5506 429 5564 conllci.
442 5505 481 5562 Ex
494 5501 611 5560 Eusebia
624 5504 713 5575 itaque
723 5503 763 5559 sic
774 5501 868 5559 viden·
918 5502 1079 5562 oscitatione
1089 5503 1309 5574 praetermissum.
1325 5500 1434 5571 ltaque,
1451 5499 1538 5557 donec
1552 5499 1622 5556 alius
1634 5499 1721 5557 codex

73 5605 116 5655 tur
137 5597 317 5672 corrigenda:
334 5617 344 5652 ι
363 5599 434 5670 quod
453 5595 583 5671 quidquid
604 5605 646 5652 est
666 5593 814 5651 divinitatis
836 5607 869 5650 ac
922 5597 1091 5658 emendatior
1106 5597 1277 5663 inveniatur,
1300 5593 1402 5652 idsatls
1416 5608 1478 5650 esse
1490 5602 1633 5666 putamus,
1649 5591 1722 5665 quod

73 5693 190 5750 coelcstis
199 5690 327 5762 numinis,
336 5693 448 5750 nobis...
464 5687 609 5763 propitium
618 5685 702 5758 possit
711 5686 865 5742 existeres»
923 5687 1028 5760 integer
1041 5683 1123 5756 hujus
1135 5683 1217 5742 edicti
1234 5696 1331 5741 sensus
1342 5697 1376 5741 ex
1389 5680 1508 5740 linsamo
1523 5682 1609 5755 possit
1621 5695 1723 5755 eogno-

72 5781 173 5853 Ὀπως,
197 5782 250 5843 ὅτι
268 5786 329 5843 traxt'
343 5785 398 5842 ἐστι
409 5783 505 5846 dotatus
516 5783 559 5839 ml
576 5779 695 5856 οὐρανίου
713 5779 867 5857 πράγματος
921 5779 972 5838 sci.

74 5879 246 5954 deteriores
258 5873 430 5956 clarisonas.
625 5937 636 5950 „
956 5867 1725 5948 licqueetiampromptumcstindicarequaaaoasintca
