4017 6350
268 334 323 397 'tte
961 340 1065 399 turbet
1084 340 1213 401 nubent
1860 348 1905 407 iii

268 459 392 530 Paulum,
405 476 424 519 ι.
438 460 600 528 Genucii
609 474 658 533 pro
669 458 775 531 trrlqatn
788 458 960 517 distinctione
970 478 977 517 ε
989 462 1002 519 ὁ
1016 465 1067 540 γὰρ
1081 465 1106 524 Α
1119 474 1170 528 cst,
1185 464 1331 533 llaqnatcs.
1348 464 1396 523 uu
1407 466 1539 525 courtierr.
1554 463 1652 524 Persio
1664 465 1779 539 anglica.
1795 465 1852 523 boe
1860 477 1904 535 et,

268 533 383 611 ε’νιευρίρ
397 536 492 595 κληθείς
505 533 603 607 δοῦλος,
614 534 777 610 ἀπελεύθερος
788 535 876 611 κυρίου
890 534 968 599 ἐστίν,
984 534 1067 589 altera
1119 536 1176 605 ejus
1188 536 1276 593 attlici.

269 604 330 668 ista,
353 619 404 677 qua
423 606 522 660 dttdttnt
543 615 625 671 utor,
652 617 805 674 usurpetur,
834 604 916 683 ὁγὰρ
944 607 968 660 ir
990 609 1068 683 κυρίῳ
1155 606 1341 665 innitebatur...
1363 609 1571 667 innitebantur...
1588 608 1842 667 seriosissimus
1863 609 1905 665 tr·

269 674 380 738 κλιθείς.
401 676 497 742 δοῦλος,
512 678 686 757 ἀπελεύθερος,
700 678 791 753 κυρίου
806 678 890 741 terta
907 695 917 728 t
933 675 1068 745 Quietum
1119 692 1189 735 etus.
1200 680 1376 750 -erueuoa
1390 683 1566 737 initiabamur.
1583 681 1819 754 Gnte.-Soppie,
1833 682 1907 735 inita·

268 744 295 801 iu
306 747 420 803 Domino
431 758 541 803 roratas
556 758 601 803 est.
620 764 725 814 seruus,
736 748 857 811 tibertus,
873 748 977 803 Domini
992 757 1065 804 cst.»
1119 748 1213 806 iantur
1224 752 1369 825 mrrtptnrn
1381 763 1439 808 et...
1456 752 1527 808 Edit.
1542 753 1597 810 0x.
1614 764 1642 808 et
1652 750 1874 822 Cant—corrigo
1886 762 1908 807 et

268 814 333 872 liam
347 832 401 874 uou
413 819 521 874 obstare
534 830 608 876 ocrte
620 820 700 875 totius
715 819 1069 877 lociscnteminmnelcon-
1119 822 1244 893 suppleo,
1266 824 1458 880 ruminabamur
1479 824 1567 891 tibere,
1589 835 1613 879 et
1633 825 1738 880 artare
1759 824 1906 881 iussas.

267 888 420 955 nexionem,
435 890 481 945 sed
497 890 641 960 plurimum
656 891 820 947 econtrario
846 892 945 957 tancre,
967 890 1069 961 liquido
1120 890 1233 961 littorio,
1247 896 1394 952 canonicus
1406 896 1615 953 liciniacensis.

267 965 323 1014 tota
333 960 487 1033 complexio
496 961 535 1017 sic
544 961 727 1018 demonstrat:
746 980 754 1013 ι
771 960 969 1035 Unusquisque,
982 962 1068 1033 inqua
1156 962 1270 1020 Sacrum
1281 968 1409 1025 cubitia..
1424 968 1560 1023 notabant.
1571 966 1910 1039 Elegausetmodcstotadi-

266 1031 407 1089 vocatione
420 1042 530 1089 recatus
544 1032 603 1102 luit,
619 1034 646 1090 iu
661 1049 692 1089 ea
707 1042 823 1089 inaucat.
843 1035 944 1089 Servus
958 1044 1070 1089 uocatus
1119 1036 1301 1107 mndigemrs.
1315 1038 1420 1109 ipsique
1432 1039 1912 1109 adeost-ripum[trutinareproqto

266 1100 315 1157 est
338 1117 372 1158 oe
390 1104 425 1159 sit
446 1104 493 1159 tibi
512 1118 601 1161 carru:
623 1104 670 1161 seri
685 1106 707 1161 si
722 1116 798 1189 potes
812 1106 892 1161 etiam
908 1104 977 1161 liber
992 1106 1068 1173 lieri,
1119 1107 1177 1162 siue
1190 1117 1260 1163 touta
1272 1111 1429 1166 circuitione
1442 1110 1652 1175 llarrcroixius,‹
1667 1112 1849 1179 srrtrjectorem
1859 1126 1913 1164 saa

305 1172 356 1229 tius
369 1185 454 1231 utero.
467 1175 517 1244 Qui
529 1176 600 1231 euim
614 1176 641 1231 in
656 1177 889 1231 Pourtrtorocatus
901 1187 943 1231 cst
963 1190 1068 1241 servus,
1120 1192 1178 1233 rum
1203 1195 1300 1235 uxorcs
1321 1197 1352 1237 ac
1371 1182 1439 1238 tilias
1458 1198 1519 1237 curu
1543 1181 1639 1237 eadem
1662 1183 1809 1237 iusotcutia
1824 1192 1912 1235 tracta·

280 1244 380 1301 ibertus
401 1246 507 1303 Domini
533 1258 591 1302 est:
613 1248 737 1303 sirrriliter
758 1248 849 1318 etqui
873 1247 941 1303 liber
958 1258 1070 1304 vocatus
1121 1249 1192 1304 bant.
1214 1269 1224 1303 r
1248 1250 1331 1308 Recte
1349 1262 1448 1310 umen.
1460 1254 1587 1309 Siccnim
1600 1251 1669 1309 Geo.
1686 1268 1763 1318 xetx,
1775 1252 1810 1307 l:
1825 1253 1912 1307 Λεοοε-

267 1326 319 1382 est,
332 1332 426 1373 sertas
441 1327 484 1375 est
502 1317 613 1375 Citrtstt.
631 1338 642 1372 r
658 1318 715 1388 Qua
728 1318 763 1375 de
775 1332 805 1374 re
826 1318 904 1389 plura
920 1318 995 1387 alibi,
1013 1318 1070 1375 lieo
1120 1320 1181 1375 disti
1189 1322 1272 1378 cubile
1284 1326 1364 1395 patris
1374 1326 1426 1381 tei:
1439 1325 1555 1399 potteistt
1567 1333 1677 1379 stratam
1691 1340 1788 1391 ιιειειιι,
1799 1338 1914 1393 moeot-

268 1384 361 1443 daute.
1120 1393 1236 1448 cubuisti
1257 1409 1318 1449 cnut
1347 1396 1422 1451 Bibba
1446 1398 1598 1453 cotrcubiua
1624 1410 1695 1450 inea.
1719 1395 1777 1450 lice
1801 1395 1916 1450 dissimili

305 1457 442 1515 Nobiiiittt
454 1461 573 1533 [anuinio.
592 1460 689 1531 Quidni
704 1462 793 1535 potius
805 1460 932 1516 nobilibus
945 1462 1071 1516 metronia
1121 1478 1201 1519 seusu
1214 1465 1314 1521 Pauirrs
1324 1466 1350 1521 in
1366 1468 1416 1535 sp.
1428 1468 1461 1523 ad
1478 1466 1560 1523 iicbc.
1574 1482 1632 1531 xut,
1642 1467 1678 1522 l:
1695 1464 1856 1521 lionorabile
1867 1466 1914 1537 icit)

268 1544 330 1585 ctam
354 1530 462 1587 liulilrut
481 1534 551 1602 apud
579 1533 726 1589 lialrrniuru.
744 1534 792 1589 llic
809 1546 874 1588 sane
888 1532 1000 1602 sentina·
1011 1532 1070 1588 dis·
1120 1538 1274 1591 eottnnbitun
1288 1538 1316 1592 in
1336 1540 1462 1605 eruribus,
1476 1550 1500 1593 et
1518 1538 1794 1609 eabiteirnpotirttrrnt:
1811 1540 1915 1593 retexe

270 1600 609 1676 tinguunturaoirqiuiiux:
622 1603 1071 1662 Detrahebauturnobilibusloemi·
1123 1604 1245 1677 Vulgata,
1269 1619 1293 1663 et
1317 1620 1387 1664 torus
1406 1608 1604 1665 innnacuintrts:
1628 1612 1800 1683 [arrtieotorca
1814 1610 1917 1665 εείειει

269 1671 314 1729 tris
338 1684 434 1741 testes,
451 1676 568 1747 itetuque
590 1674 747 1749 virginibus.
762 1695 771 1731 r
789 1678 824 1731 at
845 1676 947 1731 latinis
959 1676 1072 1758 [annue
1121 1678 1252 1734 adniterer
1257 1681 1386 1751 judicabit
1397 1679 1479 1736 Deus.

269 1759 323 1799 uon
338 1746 402 1802 sole
414 1756 477 1803 suut
502 1748 636 1819 quesitis
644 1750 744 1819 juncte
755 1757 829 1811 suut,
844 1745 1069 1817 scdctntrqines.
1160 1747 1202 1803 Ne
1220 1753 1333 1807 recusari
1347 1752 1446 1808 inibat.
1473 1754 1538 1821 leq.
1557 1767 1604 1806 nec
1625 1767 1755 1807 runcare.
1770 1750 1920 1807 sosares-

269 1814 407 1874 Glossaria
421 1817 539 1887 Labbrci,
550 1818 677 1886 rentur,
690 1821 785 1884 uiam,
797 1832 877 1889 quarn
888 1822 981 1873 nocem
993 1820 1072 1888 volgo
1087 1860 1110 1923 B
1123 1818 1248 1879 Concinit
1258 1823 1352 1880 tersio
1361 1825 1481 1895 anglica,
1495 1822 1548 1878 Tite
1563 1824 1648 1895 [οιιιεε
1660 1824 1734 1878 durst
1745 1833 1790 1879 not
1799 1826 1884 1893 retest
1893 1824 1920 1879 b.

270 1901 318 1957 per
330 1890 462 1959 [terranea.
476 1905 525 1947 seu
538 1907 596 1963 qttte
617 1892 729 1965 [entinei
740 1906 815 1947 usuc
829 1898 876 1951 cat.
890 1888 1072 1959 interpretau-
1125 1890 1165 1947 rid
1182 1896 1304 1960 terbum,
1316 1912 1361 1949 nec
1370 1894 1479 1951 audiat
1489 1907 1561 1969 pater
1574 1910 1705 1950 recusare.

271 1966 324 2020 tur.
339 1963 409 2030 quod
424 1963 570 2035 uirginibus
582 1978 689 2035 quoquo
703 1962 851 2033 proprium.
1161 1964 1277 2038 stipator
1285 1966 1311 2020 irr
1322 1967 1409 2021 tatere.
1423 1967 1512 2023 lialim
1522 2008 1530 2032 ,
1542 1983 1558 2019 a
1568 1966 1647 2021 ίοιεεε
1659 1983 1669 2021 .·
1680 1966 1755 2022 onte
1767 1973 1795 2022 ct
1805 1964 1920 2035 inermes,

305 2028 358 2085 Per
380 2034 495 2105 rirtputor
522 2045 594 2089 artur
621 2032 830 2105 inspiciebantur.
857 2029 916 2087 Non
942 2031 1074 2089 absimilis
1124 2038 1201 2106 quasi
1217 2036 1353 2103 lateronct,
1366 2039 1490 2094 militana
1503 2036 1736 2094 taterei'oeetas.

269 2098 334 2157 oliru
360 2103 501 2164 Persarum
526 2106 642 2171 licentia,
659 2116 687 2163 et
710 2105 790 2161 bodie
810 2104 970 2172 Turearout,
992 2112 1074 2175 atque
1162 2100 1230 2164 Your
1241 2125 1282 2165 ses
1292 2109 1394 2181 pudes.
1405 2107 1809 2167 uracnor1.-ttarerratra
1823 2109 1922 2181 mede

270 2171 333 2227 item
347 2174 499 2232 Persarum.
513 2177 638 2235 Pontius.
774 2218 778 2223 -
1124 2178 1196 2236 urat.
1213 2180 1326 2249 anglica.

307 2240 509 2304 Detractaacrat.
534 2248 732 2305 beu-cetarirat.
757 2246 829 2303 Edit.
851 2246 938 2303 Oxou.
955 2245 1072 2303 etCant.
1160 2250 1297 2307 AGattris.
1314 2253 1365 2323 Qui
1381 2251 1467 2323 ripam
1486 2252 1546 2309 istri
1566 2252 1727 2321 incolentes,
1741 2266 1775 2307 οε
1789 2250 1922 2308 ocessiom

270 2316 362 2371 -Sed
378 2318 434 2388 jam
453 2328 544 2376 noster
556 2319 644 2390 capite
660 2322 687 2387 a,
708 2319 912 2385 detrectanctes
928 2318 1075 2376 indecimo
1124 2324 1177 2391 osi,
1201 2334 1304 2393 patrem
1328 2326 1423 2381 sicine
1438 2325 1582 2395 provincie
1605 2325 1774 2391 inrasemnt,
1796 2323 1921 2395 indigenis

272 2386 398 2444 similiter
410 2390 593 2448 detractarunt
606 2392 753 2461 usurparit.
1124 2396 1253 2463 expulsis.
1271 2395 1343 2452 Edit.
1359 2396 1411 2452 Ox.
1425 2407 1451 2451 et
1464 2395 1542 2453 ctat.

308 2459 441 2517 Adultera.
455 2462 557 2519 Editio.
570 2462 622 2519 nb.
634 2462 770 2518 adulterio.
786 2458 924 2517 uendere.
1159 2464 1284 2539 Penrporc
1314 2468 1496 2523 urenattarr.
1528 2467 1689 2524 ltioctctiaai
1714 2480 1823 2537 nempe.
1853 2464 1921 2533 Quot

308 2528 364 2585 Sui
377 2531 425 2587 troc
437 2534 554 2589 ministro
564 2535 696 2605 pudicitie
706 2535 759 2589 inte
777 2532 839 2588 ritas
853 2532 936 2600 nuile,
948 2532 1008 2600 uiti,
1019 2542 1072 2590 etc.
1125 2540 1222 2593 merito
1237 2540 1377 2609 suppletur
1390 2541 1416 2595 iu
1431 2539 1556 2596 tersione
1569 2540 1688 2612 anglice,
1700 2539 1730 2595 in
1748 2546 1792 2594 ttre
1802 2538 1921 2593 uuicti

275 2618 285 2652 ι
303 2600 372 2659 Saus
391 2618 423 2661 ee
437 2616 567 2673 utoustre,
584 2606 610 2662 la
623 2549 843 2687 dillormittieta'tt
855 2604 880 2659 le
891 2604 950 2661 seul
963 2606 1030 2661 asilo
1039 2606 1074 2663 tle
1122 2626 1186 2681 year
1198 2614 1229 2681 ot
1237 2609 1397 2666 matutinus
1415 2610 1508 2682 iieiqn.

272 2672 297 2727 la
311 2674 423 2744 pudeur.
443 2695 453 2729 r
468 2677 664 2735 moesone
675 2675 765 2733 Under
777 2675 963 2742 summonitor,
977 2676 1072 2745 tuem,
1160 2681 1321 2738 Maximiano
1335 2699 1363 2737 re
1379 2683 1550 2738 tradiderunt.
1566 2682 1648 2754 Lege,
1674 2681 1846 2738 tradideram
1860 2679 1921 2737 l'oa·

271 2759 328 2801 was
341 2761 376 2801 uo
390 2748 468 2817 orirer
479 2751 597 2822 secority
609 2745 849 2817 formaturque
862 2748 989 2817 uqtirress.
1001 2747 1074 2803 Ban-
1124 2768 1192 2811 uras.

272 2819 488 2891 uerus—Quos
500 2830 573 2890 patet
586 2836 651 2893 ergo
666 2835 713 2890 pro
727 2818 1074 2890 primtstcruurnttueut-
1160 2824 1332 2881 llaaiminao.
1346 2824 1403 2881 lmo
1419 2825 1574 2881 ilaaimino.
1589 2824 1746 2882 hoeootx.
1763 2824 1849 2882 Prout
1871 2824 1918 2879 sai-

272 2887 362 2957 rtirtro,
378 2894 425 2946 tub
438 2892 486 2947 ttae
510 2902 623 2949 monstro
643 2892 750 2961 legisse.
776 2888 831 2945 Nec
855 2889 925 2945 mate
941 2888 1072 2961 proiecto.
1123 2896 1917 2969 umetcjosrerstooecotttgereesurecamerarum

272 2970 333 3014 curn
344 2962 448 3033 uulgata
465 2963 614 3021 lectioierri
627 2970 751 3035 nequeat.
763 2958 900 3028 Quoenim
910 2961 981 3017 buno
991 2976 1074 3018 seusu
1124 2970 1190 3023 rru'rt.

272 3032 318 3084 sab
332 3033 381 3087 tar
395 3036 511 3089 ministro
526 3037 561 3093 de
583 3052 616 3091 eo
631 3035 740 3089 neruiue
753 3030 805 3111 dei
821 3041 921 3101 posset,
941 3034 986 3103 etti
1001 3035 1074 3105 prio·
1160 3040 1363 3096 l’roteetoritnrr.
1377 3039 1414 3098 ttt
1427 3039 1451 3095 is
1464 3041 1523 3110 ipse
1534 3040 1651 3105 scilicet,
1663 3040 1744 3111 cuias
1754 3040 1790 3095 ita
1803 3038 1920 3094 nuditer

272 3117 331 3171 ceps
345 3116 411 3174 erat,
434 3117 462 3162 et
475 3106 509 3163 de
520 3121 574 3179 quo
587 3121 680 3178 reapse
693 3115 784 3161 noster
807 3113 866 3170 post
888 3104 1013 3175 paucula,
1026 3109 1074 3160 rab
1124 3120 1213 3178 erant,
1226 3113 1292 3169 etin
1308 3112 1398 3174 tatere.
1419 3112 1462 3168 rel
1484 3130 1501 3166 a
1526 3112 1606 3167 tatere
1624 3112 1773 3184 stipatores,
1801 3120 1921 3183 protecta

272 3174 319 3229 tati
336 3177 565 3251 principe-snt
584 3179 632 3234 troc
645 3179 771 3234 ministro.
796 3173 824 3231 ld
847 3185 899 3243 est,
919 3177 1070 3245 sacerdote,
1125 3183 1260 3256 quondam
1276 3187 1371 3240 tuerat.
1386 3184 1452 3256 Cap.
1470 3185 1504 3240 ts
1520 3203 1527 3238 :
1545 3183 1613 3239 liar'n
1636 3199 1696 3239 rere
1713 3184 1830 3240 uttam
1847 3197 1921 3251 nepa

309 3263 322 3301 r
336 3249 459 3306 ironiam.
471 3249 677 3308 Tolerus-ite
699 3247 829 3322 pudicitie
850 3247 1035 3314 aucudotibur,
1049 3254 1072 3304 si
1088 3255 1111 3318 c
1128 3272 1144 3310 a
1158 3255 1290 3327 pecoribus
1299 3265 1324 3310 et
1337 3257 1426 3327 apicis,
1438 3258 1525 3313 ctatirn
1537 3256 1674 3322 reuertar,
1690 3256 1814 3310 continno
1828 3264 1920 3325 pretet·

282 3327 342 3373 orte
355 3322 384 3376 rb
401 3321 532 3394 pudicitie
547 3324 589 3378 vir
604 3321 700 3377 doctus
722 3335 770 3390 pro
788 3319 905 3390 gentilite
923 3333 987 3375 casu
1002 3318 1076 3380 adri
1128 3335 1178 3392 tor,
1198 3336 1250 3382 etc.
1265 3327 1306 3382 aa
1321 3343 1401 3398 quern
1426 3329 1526 3394 ioctrm,
1552 3342 1613 3397 qum
1627 3325 1662 3382 de
1683 3326 1870 3394 protectoribus
1881 3325 1919 3378 di·

272 3389 389 3446 rninirtro
404 3395 554 3462 pertinente
567 3393 669 3460 babuit,
683 3393 767 3464 probe
784 3389 894 3446 rucruiui
927 3391 970 3445 uiti
985 3390 1013 3446 itt
1025 3407 1076 3446 au·
1127 3411 1191 3455 cere
1202 3399 1377 3464 babebimus,
1385 3399 1442 3468 jam
1461 3400 1591 3454 diximus.
1604 3397 1682 3454 Adde
1702 3407 1816 3463 tantum,
1832 3399 1857 3452 si
1877 3396 1919 3451 tibi

274 3462 459 3520 accedentibus
471 3479 504 3519 ex
517 3465 685 3521 tertultiano
694 3461 862 3518 adduxerim.
881 3480 891 3514 ι
907 3407 1015 3545 Quanto
1030 3477 1077 3518 au·
1127 3478 1215 3536 necat,
1228 3469 1336 3526 Grutcri
1354 3470 1552 3541 inscriptiones.
1577 3485 1637 3540 pag.
1652 3469 1716 3526 ill.
1732 3469 1786 3524 lus.
1802 3484 1830 3524 rt
1852 3475 1879 3524 et
1897 3482 1918 3538 p

274 3539 328 3612 tem
342 3532 552 3617 blasphemabile
566 3546 617 3602 est,
631 3535 655 3591 si
667 3551 727 3606 quac
737 3533 880 3614 sacerdotes
892 3533 1024 3604 padrcttita
1037 3534 1079 3590 di·
1128 3539 1194 3603 ets,
1208 3539 1262 3595 lus.
1278 3557 1313 3596 tu
1326 3550 1355 3596 ct
1367 3557 1413 3596 tut
1424 3542 1586 3614 atquealibi.

273 3601 377 3670 ermini,
401 3607 594 3674 impudicarum
615 3609 667 3662 ritu
690 3604 841 3676 proccdaus
862 3607 952 3669 cutte,
970 3615 1017 3660 aut
1031 3620 1078 3661 ex·
1164 3609 1294 3666 Orientem
1307 3611 1417 3668 indibria
1441 3613 1540 3668 tabuit.
1562 3612 1645 3668 liene.
1669 3610 1738 3666 liam
1763 3626 1861 3667 οειιιιιιι
1884 3616 1921 3666 est

275 3674 374 3742 pictae?
390 3675 464 3732 »Sed
475 3692 589 3748 quanam
599 3692 671 3733 nune
684 3676 787 3732 tatione
797 3673 968 3758 Maximinum
984 3683 1079 3732 noster
1129 3681 1219 3752 iqitur,
1230 3694 1310 3754 prout
1322 3699 1403 3753 supra
1415 3687 1563 3755 arguturus,
1574 3683 1680 3739 initium
1692 3683 1790 3750 capitis
1801 3683 1836 3738 eo
1851 3702 1857 3736 :
1871 3681 1920 3749 Qu

274 3757 323 3814 per
337 3761 460 3818 magnam
477 3751 589 3804 ironiam
605 3747 736 3818 pudicitie
747 3746 901 3810 atibititttm.
917 3747 943 3801 bl
965 3757 1018 3814 est,
1034 3749 1076 3801 5¹¹·
1128 3755 1218 3808 nuntio
1239 3753 1398 3811 Maeiminrrr
1412 3756 1511 3822 andito,
1522 3755 1654 3824 disperiet
1671 3755 1705 3809 at
1730 3752 1838 3808 Priene
1849 3753 1921 3808 mxi-

275 3823 440 3884 terpretaute
453 3818 551 3886 Pollio,
578 3820 745 3885 maerdotem,
770 3817 861 3873 dicero
880 3819 1008 3886 potuerit,
1028 3833 1078 3875 nce
1128 3823 1339 3896 insperootnait,
1353 3837 1381 3880 at
1397 3828 1541 3900 procinctos
1552 3825 1839 3896 temperantiaeque
1847 3825 1918 3879 simut

274 3887 353 3943 Vidffl
367 3889 504 3962 equidem,
520 3907 570 3948 ¹¹0⁰
582 3892 670 3962 ⁰2P10·
686 3889 800 3955 Partito,
810 3889 872 4016 2⁰³²
887 3888 1016 3960 tudiciis!
1030 3895 1079 3972 btt-
1128 3897 1293 3952 conueniunt
1305 3909 1425 3953 extrema
1438 3899 1532 3967 rerba,
1552 3897 1648 3968 capitis
1670 3898 1704 3952 ts
1718 3914 1728 3951 ·.
1742 3893 1812 3951 Daia
1821 3912 1917 3952 tero...

273 3959 364 4028 nister,
377 3972 405 4018 et
418 3962 549 4034 pudicitior
561 3965 680 4020 recedes
695 3977 746 4016 ιιοιι
770 3977 810 4016 ete
830 3973 872 4014 eru
886 3967 948 4016 suut
962 3960 1078 4016 locutio·
1128 3969 1223 4038 accepit
1235 3965 1364 4024 Orietttent
1376 3971 1527 4025 catcmrdunr
1539 3979 1564 4024 et
1581 3967 1774 4036 conterendtutt,
1796 3982 1856 4026 euru
1870 3968 1917 4022 bae

274 4046 333 4088 tres.
357 4032 458 4089 Partim
478 4050 552 4102 tero,
576 4034 714 4107 quoniam,
729 4038 757 4086 ut
771 4041 868 4086 caetera
888 4031 966 4100 buius
981 4032 1079 4103 eapitis
1130 4039 1215 4096 nostr-i
1230 4039 1363 4108 clausula,
1379 4039 1510 4097 briannia
1523 4040 1636 4098 tarteria
1648 4040 1749 4095 babuit.

273 4103 418 4160 admodum
438 4105 509 4162 seria
523 4117 597 4172 suot.
618 4107 662 4162 uix
680 4107 737 4160 tuuc
751 4103 837 4175 portio
852 4111 933 4173 queat
945 4118 1006 4159 esse
1021 4106 1079 4158 iro·

274 4173 344 4228 trica.
362 4175 454 4232 Putem
466 4179 566 4252 itaque,
583 4179 623 4234 nel
638 4192 700 4234 eum
714 4174 872 4232 clarissimis
885 4175 1079 4245 interpretibus
1397 4198 1511 4258 cqpuq
1530 4197 1652 4257 xmp·

276 4243 430 4314 legendum,
446 4254 492 4304 sub
502 4252 550 4304 ttae
563 4259 686 4316 nronrtro,
701 4246 832 4319 pudicitie
844 4246 976 4317 intepritas
986 4246 1078 4313 naib;
1775 4313 1783 4326 ι
1801 4313 1807 4326 ¹
1840 4312 1847 4324 ι

274 4320 322 4368 aut
342 4318 479 4390 aliquanto
501 4323 613 4378 ulterius
626 4321 721 4377 eadem
744 4321 784 4374 via
808 4316 1016 4389 progrediendo,
1031 4321 1078 4372 snb
1168 4311 1202 4369 lit
1218 4315 1258 4382 tna
1272 4315 1503 4386 ptttaretqttiequid
1517 4317 1685 4386 concepisset.
1699 4313 1810 4386 liesprcr
1821 4311 1863 4368 lue
1875 4325 1917 4384 pe

276 4385 953 4464 bocruonstroimpudicitie,inteqrr'tasnulleniti,
969 4399 1023 4445 ete.
1131 4386 1195 4442 terit
1210 4385 1325 4441 Historia
1340 4385 1418 4441 tutta
1434 4395 1462 4442 et
1473 4386 1631 4442 (bracalia.
1648 4385 1778 4443 Teucras.
1848 4455 1889 4468 Η

313 4457 346 4512 ln
370 4460 486 4516 omuibus·
512 4464 608 4531 nrrptr'is
633 4472 803 4534 prapartator
826 4469 902 4516 essct.
928 4457 956 4514 lu
981 4460 1079 4530 quibas
1165 4455 1341 4529 Concupiscet.
1356 4457 1667 4520 ciceronistmiuttonc.
1683 4461 1729 4529 ιιιιί
1744 4471 1793 4538 pro
1807 4454 1915 4539 aarum.

276 4541 374 4597 oeutpe
388 4545 457 4586 nova
473 4543 554 4604 nupta
577 4551 630 4590 uun
644 4541 718 4590 esset
739 4531 880 4604 insiguiter
893 4529 1035 4600 deformis,
1049 4541 1079 4588 ut
1130 4529 1195 4584 riertt
1209 4539 1247 4594 tn,
1261 4530 1308 4594 ait,
1322 4545 1421 4601 teutper
1430 4529 1675 4601 mmmeeaneapisti
1682 4546 1693 4594 ,·
1702 4539 1730 4584 et
1744 4544 1771 4583 tu
1786 4528 1916 4608 Putria

276 4599 439 4658 antecedens
454 4607 575 4674 exceptio
589 4605 715 4675 postolat.
1131 4601 1234 4656 dictent
1246 4601 1339 4654 eioiurn
1353 4612 1376 4655 et
1387 4599 1497 4672 qtoriarn
1507 4602 1671 4670 correcturae,
1683 4601 1748 4654 ticet
1767 4600 1837 4654 idem
1860 4597 1915 4676 atrbr

314 4669 501 4744 Prnpustator.
518 4675 615 4732 Notaui
626 4691 673 4746 per
688 4675 785 4731 Africae
797 4680 919 4731 extrema
934 4681 962 4729 et
973 4672 1077 4735 indiam
1092 4645 1118 4706 ⁰
1131 4680 1185 4727 tatu
1210 4673 1389 4742 concupierat,
1414 4688 1494 4744 quatu
1534 4672 1745 4741 cortcopioerunt,
1770 4681 1798 4753 et
1831 4670 1914 4754 simitu

278 4744 442 4816 peregrinati
455 4761 556 4802 rttorctu
567 4749 623 4804 illie
634 4748 752 4802 iocorum
764 4745 949 4818 pervolgatum
963 4759 1033 4813 esse,
1049 4756 1080 4801 ut
1131 4743 1214 4798 muita
1227 4743 1407 4815 usurpaverit.
1422 4745 1511 4811 Qrtidt
1522 4743 1593 4813 quod
1603 4752 1696 4797 nostro
1707 4741 1913 4813 producentia·

276 4830 437 4884 sponsnruor
465 4817 602 4888 uirginitas
615 4834 630 4874 a
644 4817 752 4888 regibus
773 4816 816 4872 rel
829 4814 1017 4872 sacerdotibus
1031 4819 1079 4873 dc·
1131 4823 1179 4881 ret,
1190 4815 1335 4881 dorntirret,
1347 4817 1487 4884 euaderet,
1498 4814 1638 4882 repetisset,
1649 4813 1768 4879 rederet,
1777 4819 1913 4880 aeremque

277 4885 385 4941 libetur.
400 4888 468 4956 Quin
483 4899 510 4944 et
520 4889 546 4944 iu
561 4890 650 4946 ulrico
664 4887 810 4959 peregrini,
825 4887 938 4943 sirecte
957 4888 1076 4957 memini,
1132 4883 1158 4940 id
1172 4899 1268 4958 genus,
1285 4887 1490 4942 tamitiartssiroa
1515 4893 1590 4954 stant,
1612 4895 1641 4941 ct
1655 4884 1847 4957 propemodum
1861 4898 1912 4950 per·
1982 4856 1983 4947 ί

277 4959 303 5014 in
326 4973 409 5030 reguo
429 4959 622 5030 ilosambique,
648 4959 682 5016 ad
705 4960 731 5014 id
756 4959 872 5015 officium
895 4958 1008 5026 maritis,
1030 4975 1077 5016 seu
1132 4968 1222 5027 petua.
1288 4964 1293 4976 ‘
1982 4964 1983 5023 t

276 5031 394 5100 sponsis,
409 5031 589 5100 praestandum
604 5033 689 5087 turrito
703 5045 763 5087 οιιιιι
777 5031 1080 5099 verborumtranoretn·
1168 5027 1210 5084 Ne
1220 5029 1251 5084 ab
1264 5029 1379 5102 Aepurta
1391 5030 1503 5100 qrtiderrt,
1512 5045 1588 5100 qrtaru
1599 5043 1681 5110 nepes
1690 5027 1911 5110 appetiaeerature-
1982 5040 1983 5045 ¹

277 5104 404 5157 vittantur.
427 5103 506 5173 upon
530 5117 580 5158 uos
600 5112 690 5158 autem
704 5102 866 5171 Traiectine
884 5113 954 5172 potas
969 5103 1078 5159 attiram
1130 5107 1205 5166 trent,
1217 5111 1269 5156 cto.
1285 5104 1313 5157 td
1326 5114 1377 5169 est,
1396 5101 1544 5157 secondom
1568 5113 1719 5155 teutonem
1734 5100 1911 5182 aoqtrcammtt

278 5173 501 5246 proscriptionem
526 5174 624 5230 nobilis
649 5172 760 5230 douriuii
782 5183 845 5230 aute
868 5175 970 5244 aliquot
992 5190 1079 5232 annos
1130 5171 1164 5226 ab
1180 5175 1349 5243 imperatrice
1368 5173 1476 5244 quidem
1498 5170 1856 5242 vatcrta,qnaettarrruanr
1877 5184 1909 5220 u-
1982 5226 1983 5237 ρ

278 5244 339 5313 tegi,
360 5261 420 5312 qum
437 5246 508 5302 iuter
526 5255 623 5302 catera
644 5247 704 5316 jura
719 5252 747 5301 et
769 5246 917 5317 priuilegia,
930 5248 973 5312 jus
998 5248 1078 5302 etiam
1130 5241 1181 5297 dua
1197 5253 1306 5311 crater
1318 5259 1399 5316 quam
1412 5259 1488 5298 suarm
1504 5243 1648 5309 adoptione
1672 5251 1785 5297 matrem
1807 5253 1908 5324 agitate·
1982 5260 1983 5321 ι

277 5313 459 5374 deflorationis
473 5333 602 5374 notarum
624 5325 767 5390 nuptarum
787 5317 951 5380 ettrttiuebnt,
966 5333 1026 5388 quse
1037 5327 1078 5374 ta-
1130 5313 1239 5370 rat.lte
1265 5316 1316 5370 iad
1338 5315 1585 5398 ainorniedchltite
1608 5310 1908 5383 temeritatemque
1982 5374 1983 5391 ρ

277 5401 339 5442 uren
354 5390 463 5458 pecunia
476 5407 490 5444 a
501 5391 610 5444 turnino
622 5389 674 5445 toci
687 5397 777 5459 posset
790 5391 895 5446 reditui.
913 5389 1038 5445 Tootnus.
1128 5400 1181 5440 ιοοε
1193 5385 1350 5442 ilaainrianr
1360 5388 1486 5450 noiddora,
1500 5388 1540 5440 tur
1550 5386 1662 5454 adopted
1674 5384 1784 5440 rnartter.
1800 5455 1816 5468 ..
1982 5394 1983 5399 ’

314 5457 478 5518 lruutiuutat.
502 5463 625 5518 Bnlrrzius
640 5462 677 5535 (in
694 5462 781 5519 indico
799 5463 902 5518 scilieet
924 5469 1076 5518 erratorum
1165 5457 1334 5539 Patrobitanr
1345 5457 1509 5513 Maximiani.
1523 5455 1588 5513 Post
1600 5457 1703 5514 obitum
1717 5455 1826 5513 Galeru.
1840 5451 1905 5510 liat·

277 5533 593 5603 suaeprimteetlitiortis;
616 5535 642 5590 iu
667 5535 802 5591 ttaoeuim
818 5533 1074 5604 platrealiter,pap.
1128 5531 1317 5585 uuaiirerio.
1416 5601 1460 5613 ..

278 5603 342 5670 ate,
357 5604 411 5660 col.
424 5601 471 5677 i),
488 5605 577 5678 legere
592 5607 667 5663 rrtrrlit
678 5608 782 5672 inuitas,
798 5605 881 5670 nulla,
897 5605 969 5673 quod
980 5606 1075 5672 sciam,
1164 5602 1205 5656 At
1217 5617 1285 5656 eant.
1303 5601 1342 5656 tltl
1355 5599 1538 5656 iloxtuumrm.
1554 5597 1661 5654 Eodem.
1861 5669 1868 5682 ι
1982 5654 1983 5669 ρ

277 5677 392 5732 ratione.
406 5673 544 5746 Siquidem
569 5692 631 5733 oum
646 5677 806 5734 Maximinus
832 5677 1076 5749 preposterutuc-
1166 5672 1200 5728 ln
1214 5673 1329 5744 partibus
1341 5674 1412 5757 ejas..
1433 5670 1465 5726 in
1490 5671 1602 5755 brientii
1616 5674 1733 5743 partitur
1750 5689 1824 5746 erqo,
1849 5675 1904 5750 stent

277 5748 314 5804 rit
332 5747 359 5803 in
375 5747 500 5804 omnibus
518 5763 555 5804 nu
577 5751 632 5815 tiis,
653 5751 802 5805 imndnatas
818 5750 884 5804 uttrit
898 5747 970 5804 aliod
987 5759 1077 5817 sonat,
1131 5755 1225 5802 noster
1234 5746 1340 5801 locutus
1352 5755 1395 5800 est
1405 5760 1431 5800 ur
1445 5745 1501 5801 line
1522 5753 1619 5813 caprtrs
1640 5743 1759 5812 irti‚cuta
1781 5749 1814 5800 dc
1836 5743 1904 5820 liat!¹
1982 5776 1983 5807 r

281 5833 361 5890 quam
374 5819 545 5890 preparatas.
558 5764 630 5876 iou.
644 5819 733 5876 Pseu.
748 5831 775 5880 et
789 5817 867 5877 Cant.
1132 5819 1216 5883 mino,
1229 5826 1258 5872 ct
1268 5817 1423 5889 regionibus
1437 5817 1482 5872 ubi
1498 5815 1660 5871 llaximiuus
1673 5827 1737 5872 ante
1749 5815 1845 5872 Galerii
1856 5811 1903 5890 obt·
1982 5824 1983 5845 ³

318 5885 426 5944 Comites
441 5892 507 5960 ejas.
522 5889 572 5946 Les
585 5892 682 5962 prande
705 5891 855 5962 Seiprrettrs.
878 5889 1021 5948 urbanus
1032 5906 1041 5960 ;
1054 5889 1082 5948 id
1134 5899 1190 5945 turn
1201 5887 1303 5945 nixitet
1312 5889 1465 5959 imperarit,
1479 5895 1614 5959 ageretur.
1625 5885 1679 5943 Sed
1689 5901 1836 5960 perrarum,
1857 5893 1904 5950 ab·
