4017 6350
298 370 350 430 899
1011 361 1057 420 tn
1076 346 1231 421 nuunnl.
1878 362 1915 420 {tuq

299 499 435 561 tunquam
459 486 547 546 tenuis
559 486 684 555 lorlunce,
699 491 727 541 ct
743 482 842 540 inllmao
859 480 944 555 plebis
959 480 1094 551 homines,
1109 484 1134 544 Α
1147 485 1232 537 remae
1246 480 1332 552 opus.
1350 477 1444 533 omues
1466 476 1593 532 desonam
1608 474 1752 531 Domitiani
1771 476 1848 531 titulos
1859 478 1915 533 ulra·

297 600 313 641 a
335 586 443 642 satirico
463 592 541 657 poeta
557 583 654 639 notari.
670 579 777 637 Scimus
790 577 899 651 quidem
923 576 991 635 itanc
1007 592 1099 649 perse·
1150 574 1207 645 puri
1218 588 1229 639 ,·
1241 574 1310 640 site,
1326 580 1356 629 ut
1365 573 1459 629 scribit
1469 570 1621 633 Macrobius
1633 568 1815 641 (Menoetii.
1829 586 1836 623 ι
1849 570 1918 625 suu·

298 680 432 735 cntionem
446 676 629 749 Scripturibus
643 672 781 733 nonnullis
794 680 874 727 antea
896 672 1041 727 excitatam
1060 670 1099 724 ri·
1150 666 1203 719 ool.
1219 680 1278 736 cup.
1295 662 1353 738 ll),
1369 664 1513 721 inlettstum
1527 665 1586 734 eius
1604 662 1767 719 vocabulum
1783 676 1814 718 es
1825 664 1918 720 omnis-

298 770 374 828 dcri:
391 768 437 827 sed
452 784 547 825 corum
571 776 759 841 argumentum
781 774 835 823 tam
859 762 1038 837 lunisonem
1054 776 1098 838 eu,
1150 772 1190 825 re,
1203 756 1466 823 restaurandae
1479 754 1579 813 deiude
1592 754 1918 823 subiatasmtsielsstlliot,

297 878 356 937 qum
367 850 517 929 retulimus,
533 859 623 933 gratis
636 867 699 916 suut
710 858 851 917 momenti.
1151 850 1361 925 (disrupisse
1373 849 1461 907 Neruo
1473 850 1484 923 l
1496 859 1599 907 statuas
1610 849 1683 906 illius
1703 862 1801 906 sums
1812 859 1838 907 ct
1850 865 1920 922 argu·

332 956 387 1011 ilco
400 962 491 1011 autem
506 954 639 1011 scelerum
660 952 720 1030 ejus
734 948 832 1007 vindici
848 948 952 1009 debitas
966 944 1100 1005 uelandus
1152 956 1208 1002 teas
1219 960 1253 1001 ex
1263 944 1361 1017 quibus
1380 944 1491 1017 grandis
1505 944 1621 1014 pecunia
1635 942 1751 999 rodsets
1760 949 1811 997 est.

296 1050 347 1105 iste
363 1058 494 1121 tyrannus
509 1046 590 1102 solvit
611 1060 715 1119 pesnas,
738 1060 798 1100 cum
811 1042 894 1110 domi,
909 1042 980 1097 sient
993 1040 1032 1095 uit
1049 1036 1101 1094 Ce-

296 1142 385 1208 cliius,
408 1140 568 1198 interiectus
597 1136 657 1194 luit.
683 1136 790 1193 Etenim
820 1135 879 1192 hmo
897 1133 956 1207 ipsa
978 1128 1101 1188 Suetonii

297 1234 419 1307 (Sueten.
435 1235 461 1287 iu
478 1231 536 1287 Vita
556 1227 695 1301 Domit.,§

296 1328 431 1401 leginms;
448 1326 590 1382 Summotis
605 1322 732 1389 omuibus,
748 1322 775 1377 itt
789 1320 936 1376 cubiculum
954 1334 981 1373 se
994 1318 1099 1387 recepit,

296 1430 373 1493 utque
398 1420 434 1475 iil
462 1420 561 1474 occisus
586 1426 632 1473 est.
647 1414 789 1485 Quomodo
815 1422 916 1477 autem,
932 1420 960 1468 et
973 1423 988 1465 a
1002 1408 1101 1481 qulbus

297 1522 408 1570 necatus
421 1509 512 1578 luerit,
527 1508 551 1565 sl
565 1509 635 1565 scire
651 1518 743 1576 aveas,
760 1504 794 1561 ab
805 1506 864 1576 ipso
877 1512 971 1576 postea
988 1516 1101 1557 numan-

296 1613 334 1675 te,
350 1604 454 1662 discere
468 1603 537 1660 iruud
554 1600 699 1658 diluciliter
715 1596 826 1670 poteris.
841 1596 878 1653 lta
894 1596 966 1653 enlm
983 1594 1102 1665 illepro-

297 1702 428 1773 sequitur.
450 1718 459 1753 s
475 1698 629 1771 Stephanus
647 1692 793 1751 normulis
809 1700 1006 1765 procurator...
1021 1688 1102 1742 siuis-
1189 1681 1253 1737 l‘ost
1267 1679 1411 1735 llomitiani
1424 1686 1552 1746 mortem,
1572 1676 1663 1747 diuiti,
1679 1676 1773 1747 iuquit
1784 1676 1897 1743 duellius,
1907 1694 1927 1731 st

298 1794 397 1851 leniore
410 1792 530 1860 bruenio,
545 1790 620 1848 velot
633 1802 716 1859 ucgro,
733 1786 802 1843 lanis
818 1785 963 1855 fasciisque
983 1794 1033 1852 per
1052 1778 1102 1834 aii·
1153 1776 1213 1831 isui
1232 1776 1363 1847 prinsipes
1376 1774 1490 1831 llomsrri
1511 1773 1615 1844 istpsrii
1626 1773 1733 1829 slussts
1748 1775 1927 1845 rsgissesqsea-

297 1894 361 1960 qoot
383 1886 441 1943 dics
460 1884 493 1941 ad
516 1884 691 1941 avertendam
706 1878 888 1952 suspicionum
904 1874 1044 1939 obvoluto,
1068 1870 1100 1927 ad
1116 1882 1263 1955 Bususst
1280 1866 1370 1942 (decii.
1383 1886 1442 1942 cap.
1455 1868 1499 1941 u),
1520 1876 1639 1939 musque
1666 1868 1806 1935 Ecclods,
1821 1869 1846 1925 iu
1864 1870 1929 1939 prisci

297 1983 383 2053 ipsum
400 1976 602 2034 liuramdolunt
619 1974 973 2049 intericcll,prolessusque
994 1964 1103 2035 conspl·
1154 1978 1218 2019 num
1239 1972 1340 2020 statutus
1367 1962 1509 2025 restituta,
1534 1960 1620 2015 eslius
1649 1960 1819 2017 ittimloosrus
1848 1962 1929 2030 iupus

297 2074 410 2129 tutionis
423 2070 563 2140 iudicium,
579 2080 607 2125 et
622 2069 656 2123 ob
677 2068 729 2122 lroc
748 2065 893 2128 admissus,
907 2058 1007 2131 legenti
1020 2056 1103 2112 tradi·
1153 2066 1293 2129 pssssest.
1305 2056 1371 2113 ilua
1390 2056 1510 2123 iltisunt,
1523 2054 1563 2110 uti
1584 2062 1669 2124 μία,
1684 2054 1787 2109 Cetiili
1801 2057 1930 2123 nostupso

298 2178 353 2225 tum
370 2182 423 2223 asc
439 2164 571 2233 libellum,
585 2175 612 2220 ct
634 2161 749 2219 attonito
767 2158 876 2217 sullodit
900 2154 1021 2231 inguine.
1032 2153 1102 2209 Sau-
1153 2148 1315 2221 positiones.
1340 2147 1431 2203 Prima
1446 2146 1567 2217 quidem,
1591 2162 1645 2216 uss
1662 2146 1769 2203 usserit
1786 2162 1801 2199 a
1817 2145 1928 2201 Maius

297 2263 368 2318 cium
381 2276 412 2315 ac
424 2266 618 2331 repugnantem
631 2256 718 2313 adorti
731 2253 876 2311 Clodianus
889 2248 1102 2310 Cornicularius,
1153 2240 1229 2297 cardo
1262 2255 1349 2312 usque
1382 2238 1417 2295 ad
1444 2238 1519 2297 Decii
1542 2238 1689 2311 imperium
1715 2238 1809 2297 bunos
1837 2239 1928 2295 astitisse

298 2362 327 2409 ct
349 2353 480 2407 liaximus
504 2348 642 2407 Parthenii
660 2347 825 2411 libertatum
847 2342 969 2399 Saturius
987 2339 1103 2396 Decus-lu
1154 2332 1302 2404 principes,
1316 2331 1362 2403 qui
1388 2330 1516 2388 liemcule
1528 2328 1710 2400 imperasse.
1726 2329 1784 2387 See
1801 2329 1929 2386 'lolliussc-

298 2446 544 2515 Cuiticulariorum,
559 2443 708 2513 ethuidam
724 2454 739 2493 e
759 2434 919 2508 gladiatorio
935 2432 999 2488 ludo
1010 2430 1104 2486 vulne·
1154 2428 1201 2483 lita
1221 2426 1334 2482 audacia
1345 2424 1477 2481 (iccillum
1490 2422 1588 2480 ibidem
1607 2422 1699 2479 adhuc
1713 2424 1813 2496 turpis,
1826 2439 1928 2493 quomo,

298 2540 374 2596 ribus
387 2546 490 2609 septem
503 2534 768 2592 contruciduserunt.
783 2548 794 2583 s
809 2526 913 2585 Eadem
926 2540 1034 2598 quoque
1046 2532 1102 2579 tra·
1153 2536 1234 2593 qtram
1251 2518 1347 2581 salsam
1360 2526 1485 2585 uouerat,
1501 2534 1551 2591 pru
1562 2533 1625 2575 vera
1642 2515 1806 2587 affirmavit,
1828 2515 1929 2573 umaro

298 2632 400 2688 duntur
420 2632 446 2685 in
471 2628 565 2686 Dionis
589 2627 724 2698 Epitome,
740 2636 821 2695 atque
843 2629 874 2677 ut
898 2620 1103 2683 philostratum,
1154 2616 1320 2688 redarguere
1335 2623 1526 2671 mensuetus.

301 2725 467 2797 ql‘lrilostmt.
482 2723 509 2777 itt
528 2720 584 2776 Vlto
598 2720 733 2793 duellum,
748 2734 807 2789 cop.
822 2716 856 2771 tu
870 2714 935 2787 lqul
949 2726 1008 2768 rem
1024 2709 1104 2785 paulu
1190 2709 1291 2769 icrunt
1304 2710 1410 2765 'lollius
1431 2710 1491 2778 ipse
1512 2718 1560 2763 aot
1574 2721 1670 2762 resera
1689 2706 1824 2770 aeolicos
1836 2715 1885 2771 est,
1899 2716 1929 2756 aut

299 2820 379 2874 aliter
396 2816 501 2884 retolli,
524 2823 551 2869 et
571 2813 639 2869 alios
666 2813 832 2877 utnittamus,
858 2816 932 2865 certe
958 2804 1105 2880 Eutropius
1154 2818 1209 2857 noo
1233 2802 1335 2873 legerat
1348 2802 1406 2856 irasc
1419 2798 1743 2873 zuzimiterltallosim.
1764 2800 1810 2855 lii.
1830 2796 1924 2854 tuom.
1963 2801 1964 2874 ξ

301 2905 423 2980 (Etttrup.
439 2898 706 2967 declinantium,
723 2896 820 2973 infin.)
832 2906 922 2953 tratrat
936 2894 1011 2951 illum
1021 2894 1105 2964 inter·
1155 2903 1212 2967 post
1228 2892 1298 2965 init.)
1312 2893 1420 2964 quibus,
1437 2900 1528 2963 postea
1548 2908 1628 2964 quant
1650 2893 1722 2949 dixit
1745 2893 1925 2948 llotuitianums
1963 2887 1964 2894 ’

299 2999 399 3057 lectum
414 2998 499 3063 luisse
512 2998 538 3053 in
554 2995 664 3067 palatio.
688 2994 809 3064 lienique
829 2990 932 3051 Plinius
946 2986 1033 3062 lituu
1051 2984 1106 3043 Pu·
1156 2989 1295 3059 Stephano
1318 2988 1418 3045 liberto
1443 2986 1527 3045 tuisse
1548 2985 1684 3055 omnmo
1700 2988 1745 3049 sic
1767 2986 1925 3058 assequitur:
1963 2967 1964 2994 ¹

300 3110 357 3170 usp.
380 3092 488 3166 Trajan.
503 3093 565 3147 circ.
586 3090 667 3158 sared,
684 3087 698 3163 l
713 3087 759 3161 dd)
776 3096 917 3159 postquam
928 3085 1012 3152 illius,
1023 3099 1104 3157 quent
1155 3083 1260 3160 ”usipus
1274 3086 1364 3159 ἀγαθοὶ
1379 3085 1572 3159 cluipspmlss
1585 3084 1779 3161 mpaluddmc
1794 3084 1927 3160 nspolscn.
1963 3053 1964 3108 7

299 3187 522 3246 ittlntun'tssintatu
539 3185 655 3242 belluam
669 3183 797 3258 appellati,
813 3180 977 3238 horrentium
992 3178 1106 3236 crudeli·
1156 3184 1200 3236 καὶ
1211 3181 1346 3256 Τραιανὸς,
1359 3183 1404 3236 καὶ
1421 3182 1488 3254 μετὰ
1504 3186 1592 3236 τοῦτον
1606 3178 1754 3254 Ἁδριανὸς,
1775 3177 1790 3234 o'
1806 3200 1833 3234 τε
1852 3177 1925 3236 sistis,

301 3293 383 3342 tutem
400 3295 480 3356 atque
494 3281 661 3338 ferocitatem
676 3289 739 3334 autc
751 3277 872 3334 omnium
887 3275 977 3350 posuit
995 3273 1102 3340 oculos,
1116 3282 1139 3346 c
1155 3280 1300 3341 neruosus,
1314 3277 1357 3332 sul
1370 3275 1387 3334 i
1402 3280 1453 3329 sou
1473 3270 1584 3348 dicique
1605 3275 1717 3346 mappic
1732 3281 1824 3348 nepus,
1836 3273 1873 3326 ut
1885 3267 1928 3328 tr>

301 3377 361 3436 haec
374 3377 408 3434 dc
422 3386 509 3432 rarorte
522 3373 581 3448 ejus
590 3371 727 3446 subjungit
742 3389 748 3424 :
769 3387 777 3427 t
794 3370 842 3428 ille
858 3379 948 3427 tannen
960 3369 1106 3440 quinussi·
1155 3389 1208 3430 uus
1224 3367 1306 3424 πολλὰ
1321 3374 1371 3424 τῶν
1386 3365 1565 3442 isladops'sou
1579 3367 1690 3433 iliorum
1706 3365 1880 3441 duplum:
1895 3359 1928 3414 l'lt'

301 3470 328 3526 ut
344 3468 490 3539 parictibus
503 3479 532 3522 et
552 3467 636 3522 mutis
651 3465 765 3523 sulutem
776 3479 852 3520 suam
869 3462 938 3518 tueri
951 3460 1103 3527 videbatur,
1156 3460 1216 3516 lutri
1230 3461 1403 3532 principatum
1415 3461 1504 3532 saepti
1519 3458 1619 3526 Nersa,
1634 3458 1787 3532 Traianus,
1800 3471 1824 3516 st
1835 3467 1929 3530 psum

302 3563 395 3622 dolum
411 3577 512 3627 secum,
527 3561 688 3628 etiusidlas,
703 3569 730 3615 et
745 3557 1003 3616 ultoremscelerum
1019 3555 1105 3612 ocum
1158 3555 1323 3623 liodriosss,
1342 3569 1368 3612 ss
1389 3556 1518 3614 dotamus
1544 3555 1622 3624 Pius,
1646 3565 1671 3612 et
1696 3573 1748 3626 pes
1767 3555 1833 3614 illud
1849 3556 1928 3626 {rums

302 3657 422 3714 inclusit.
450 3655 567 3712 Dianouit
585 3653 766 3726 periregiuquc
790 3651 927 3710 custodias
951 3663 1042 3722 poma,
1055 3663 1105 3707 an·
1162 3649 1243 3709 teras
1256 3648 1447 3722 summoue,
1461 3650 1545 3704 mutis
1556 3647 1929 3707 uitiuoeorressrsmdiattli

303 3761 450 3825 gustusque
462 3765 510 3822 per
524 3749 611 3804 aditus
626 3754 654 3802 ct
667 3746 830 3816 onsuuctus,
847 3761 901 3802 noa
916 3758 995 3802 sucus
1012 3757 1043 3800 ac
1056 3759 1105 3814 per
1157 3743 1210 3814 ipsi
1228 3755 1293 3801 sum
1306 3745 1454 3816 principos,
1467 3745 1515 3815 qui
1538 3753 1602 3816 post
1625 3743 1812 3802 domitianum
1832 3756 1927 3816 rugoso

304 3855 413 3922 apertas
435 3841 520 3910 leros,
535 3850 563 3898 et
583 3840 723 3898 invitantia
739 3837 833 3896 iimina
848 3837 956 3909 irrupit,
972 3837 1106 3910 longeque
1156 3847 1230 3896 rust.
1257 3839 1293 3896 dt
1321 3839 1460 3906 Zosimus,
1482 3838 1712 3909 quemadmodum
1736 3841 1928 3897 coelerum
1962 3878 1963 3883 η

303 3935 628 4002 tuncillidivinltassus,
643 3929 1108 4006 longearcanaillacunilia,saeti·
1156 3934 1304 3992 coslouos
1323 3932 1428 3991 diserte
1447 3933 1569 4003 appellat
1584 3933 1670 3991 sirus.
1685 3931 1927 4001 uuusuumusc
1962 3918 1963 3927 ¹

304 4049 358 4107 que
378 4045 504 4090 secessus
520 4070 529 4100 ,
545 4029 652 4102 inques
672 4027 781 4095 timore,
796 4033 824 4084 et
847 4023 985 4096 soperbia,
1001 4033 1031 4080 ct
1042 4023 1107 4080 odiu
1157 4042 1217 4095 eso,
1232 4027 1282 4084 illo
1294 4027 1389 4084 sitista
1402 4025 1438 4083 sl)
1448 4026 1490 4083 eis
1512 4027 1657 4084 emendus
1668 4039 1822 4096 moeret,
1834 4027 1927 4083 nium

305 4125 444 4184 homiuum
458 4125 626 4198 agebamus
1157 4121 1228 4176 delia
1242 4119 1366 4192 ejusdem
1391 4119 1537 4175 nominant
1559 4121 1586 4175 io
1610 4117 1728 4192 gentiles
1748 4133 1780 4180 et
1801 4121 1927 4180 summm
1962 4134 1963 4143 ¹

340 4220 523 4290 Nequeporro
533 4218 593 4273 haec
603 4214 661 4272 dira
673 4211 855 4270 crudelissimi
870 4210 1041 4284 imperaturis
1053 4225 1107 4266 cs·
1157 4212 1267 4270 edictai
1283 4212 1415 4270 Eusoltius
1424 4211 1534 4284 (lissei.
1549 4213 1594 4268 tu.
1606 4229 1636 4270 su
1648 4212 1718 4270 uus.
1729 4213 1830 4273 Esaias.
1840 4231 1888 4284 esp.
1897 4211 1926 4275 lli

306 4317 355 4376 des
368 4315 433 4371 satis
446 4313 481 4372 ad
493 4313 626 4368 malcrum
643 4309 702 4382 ejas
714 4307 845 4366 ultionem
859 4305 925 4364 luit:
941 4301 1006 4360 Cum
1026 4305 1108 4360 catullo
1157 4307 1296 4366 ennusero
1309 4308 1400 4380 pelam
1420 4317 1537 4366 testetur
1547 4309 1582 4366 uu
1597 4309 1712 4382 totusue
1732 4314 1858 4382 tssuporis
1868 4307 1927 4375 utic

307 4411 447 4470 uultttueru
460 4408 598 4476 arucubilia,
616 4407 703 4479 inquit
729 4403 845 4464 docilius
866 4402 967 4477 (Catil.
994 4419 1052 4474 cup.
1068 4401 1108 4472 ὅ)
1159 4403 1263 4460 toribus
1277 4404 1465 4475 masigustum
1479 4403 1577 4462 littoris
1589 4404 1674 4462 luisse
1686 4421 1763 4462 coss
1779 4406 1860 4464 ilem
1871 4417 1925 4459 rem

308 4517 472 4576 apocopum
492 4500 832 4572 sSuetouiolSuetoo.io
853 4494 1107 4569 tulimusque,
1158 4499 1349 4570 scopulisque
1370 4498 1442 4555 nous
1465 4501 1602 4567 rmtuntu,
1616 4513 1686 4571 quos
1698 4495 1925 4558 Domitianusuie·

307 4597 374 4655 etin
389 4593 500 4656 domuit
522 4593 656 4652 Chronico
671 4591 776 4665 (lissei.
802 4591 837 4646 ud
855 4606 916 4648 suu.
937 4589 1035 4650 Clttlsl.
1059 4585 1107 4658 90)
1159 4604 1201 4648 rsa
1225 4593 1254 4647 in
1269 4591 1475 4648 exiliumlum
1496 4592 1596 4649 deinde
1616 4592 1697 4648 ⁴idum
1721 4595 1851 4650 liuseisius
1866 4585 1924 4660 llll·

307 4697 511 4757 equrrmramtur,
546 4696 629 4758 etque
650 4685 732 4744 etiam
752 4683 919 4755 Capitolium,
936 4681 1107 4743 tosteadlrue
1118 4678 1145 4738 D
1158 4687 1203 4743 ui.
1217 4703 1253 4753 rs,
1273 4703 1331 4760 esp.
1351 4685 1925 4760 a).uaurtsmnte01ntausaeuu,qo

307 4787 455 4850 Plutarcho
467 4784 615 4856 (Plutum.
628 4785 656 4838 iu
674 4781 724 4838 l'it.
739 4779 854 4852 Pullis.)
869 4779 1037 4853 patmus,
1054 4777 1109 4838 liu·
1160 4782 1285 4848 ossum,
1299 4782 1486 4838 ceutronum
1502 4781 1603 4837 sidium
1613 4797 1697 4838 esuss
1717 4785 1876 4855 potiremur.
1888 4779 1924 4830 lt·

308 4896 406 4945 suanus
422 4887 534 4938 senatus
548 4891 647 4932 rtomen
679 4874 739 4946 eius
759 4875 797 4932 ita
822 4880 980 4944 persecutus
1002 4882 1063 4940 ως
1078 4881 1109 4928 ut
1161 4874 1242 4946 nique
1264 4875 1301 4930 uls
1323 4874 1374 4930 illu
1393 4873 1519 4930 laudatur
1540 4890 1647 4930 summu
1675 4875 1924 4946 imperatorumue

307 4976 382 5032 nulla
398 4973 441 5028 vcl
453 4971 612 5043 insaginum,
625 4967 668 5028 tel
684 4967 820 5026 titulorum
833 4966 908 5023 illius
921 4965 1035 5038 vestigia
1046 4967 1109 5024 teli-
1161 4967 1319 5024 Ducbdstti
1332 4976 1442 5024 mutem
1465 4969 1695 5041 benignitasque
1715 4966 1871 5032 musmo,
1882 4959 1923 5018 sul·

308 5069 409 5142 quoru.
432 5067 543 5124 Etucru
561 5063 699 5121 memoris!
713 5059 858 5118 Suetonius
873 5061 1036 5134 (Suetonio
1056 5061 1106 5118 lit.
1161 5063 1217 5118 nto
1241 5063 1317 5120 omsi
1340 5063 1511 5120 sacriumudi
1535 5073 1622 5133 meto,
1643 5079 1698 5120 non
1717 5065 1809 5122 solun
1827 5055 1924 5130 meniu

308 5161 507 5234 Domit.,iidl
522 5156 724 5220 commendarit
744 5165 867 5213 senatum
880 5155 1106 5215 Domitlaoineoe
1161 5157 1316 5228 provincias
1336 5156 1555 5226 committebam,
1571 5157 1620 5214 sed
1634 5148 1922 5216 sistens-tutissimi·

309 5258 556 5319 adsolaeqstmun
578 5251 727 5323 Utseplett
741 5250 863 5308 cermlltu
878 5250 1024 5309 eurisnun
1035 5258 1109 5308 iem·
1161 5249 1347 5320 positissuis
1370 5251 1577 5317 secessionem
1602 5250 1724 5322 proflui
1749 5251 1923 5323 religionen.ll

309 5353 647 5428 peruiaequinmurtuum
659 5347 1109 5419 eoutnmdiosissimoatqsteauer·
1161 5341 1297 5400 edificare
1320 5342 1461 5411 ecclesias,
1481 5343 1527 5398 ubi
1540 5345 1626 5400 sacris
1646 5348 1703 5400 suis
1724 5359 1833 5417 operam
1854 5341 1922 5396 tutae

309 5449 422 5508 sissimo
458 5441 682 5504 uouausttooum
706 5453 806 5511 quisse
841 5439 995 5508 locutulei,
1019 5438 1109 5499 melus
1162 5453 1259 5495 secure
1272 5438 1339 5495 dare
1362 5447 1496 5510 poteram.
1511 5436 1630 5495 Videsne
1643 5439 1922 5510 quam-tumuerim

309 5543 389 5597 etism
403 5536 508 5604 inlerrl,
522 5535 685 5608 clypeosque
697 5539 726 5588 et
739 5530 868 5602 imagines
881 5531 941 5601 eius
954 5545 1048 5590 curem
1059 5530 1110 5591 tle·
1161 5531 1278 5593 Geolliss
1290 5531 1425 5588 mendacii
1438 5531 1553 5588 suauis
1564 5532 1626 5588 ides
1637 5543 1810 5603 metor,
1823 5523 1880 5602 quod
1889 5520 1920 5575 iu

310 5635 392 5703 truisi,
409 5642 436 5689 et
453 5629 554 5688 ididem
573 5629 632 5686 solu
656 5626 737 5700 affligi
749 5624 872 5696 juberet,
885 5625 1034 5684 nouissime
1046 5639 1110 5682 ara·
1162 5629 1250 5686 bonos
1262 5628 1399 5700 prinsipes
1417 5627 1537 5684 ummo

311 5728 414 5787 dendus
429 5723 639 5796 uniquetltulss,
654 5720 871 5791 mensuumque
882 5735 990 5778 emrmtn
1002 5735 1108 5780 nemu-
1199 5723 1235 5776 At
1259 5721 1282 5776 is
1298 5721 1356 5791 ipse
1376 5718 1504 5791 cecilius,
1529 5717 1617 5790 pergit
1631 5717 1745 5788 Tollius,
1759 5717 1818 5775 ideo
1830 5707 1919 5770 trtedill⁵

311 5821 380 5882 riam
401 5819 571 5876 mutuaret.
588 5834 599 5869 t
618 5814 760 5882 lausum
779 5815 819 5873 sit
839 5813 974 5872 Eusebius
998 5813 1109 5887 (Essem
1164 5823 1223 5881 est,
1239 5823 1271 5872 ut
1288 5828 1323 5870 co
1347 5814 1487 5871 mendacio
1508 5827 1605 5870 omues
1626 5812 1751 5870 ccclesiae
1775 5809 1920 5884 permutto'li

312 5909 356 5966 lt'l·
370 5925 399 5965 ut
412 5906 511 5962 Πίθων·
528 5905 638 5978 Euolet„
652 5905 962 5981 mollissimumque
975 5910 1023 5971 τὰς
1037 5917 1112 5980 uepr-
1165 5908 1236 5967 tristl
1258 5907 1418 5979 lunestuquc
1442 5915 1531 5964 morte
1552 5906 1651 5964 obiisse
1669 5905 1832 5964 ostenderet.
1854 5895 1891 5955 Sal
1905 5885 1920 5943 si

1446 1096 1598 1142 ensiculus
1617 1096 1659 1140 ttl.

707 1226 809 1301 toque
823 1226 996 1283 attrasmorte
1019 1223 1100 1280 serua
1153 1196 1372 1257 uuuucuuau
1387 1207 1456 1256 Μ’·
1480 1197 1575 1254 ‘liud‘
1595 1194 1733 1253 nam
1749 1192 1925 1265 tupauua·

1186 1288 1336 1346 domitiano
1350 1302 1429 1360 ssqss
1442 1288 1477 1343 oti
1491 1286 1598 1343 Decium
1621 1287 1705 1357 luisse
1718 1286 1801 1344 sauss
1812 1287 1925 1355 priscus.

1187 1390 1212 1437 st
1225 1390 1286 1437 tuuc
1304 1381 1505 1437 emodenorum
1517 1378 1662 1438 Ecclesium
1676 1378 1770 1437 estias
1792 1394 1882 1447 passus
1891 1394 1926 1435 stt

1187 1474 1349 1529 inimieorum
1371 1474 1537 1542 impressum
1554 1471 1616 1527 iude
1641 1470 1733 1542 colligi
1746 1470 1827 1542 pessit
1844 1470 1926 1527 uuo·

1188 1569 1252 1625 timu
1267 1584 1318 1623 ooo
1332 1582 1387 1623 esse
1400 1566 1477 1639 lssjss
1487 1564 1549 1621 libri
1559 1574 1704 1621 mactem.
