4017 6350
118 367 190 427 {053
567 371 644 429 cte.
664 370 709 428 ttt.
730 367 863 429 audon.
886 366 931 423 DE
951 366 1065 427 t'enit.
1090 370 1167 429 ast.
1189 374 1323 434 CHHlS'l'.
1698 380 1765 438 tait-t

115 494 232 565 ipsemet
245 492 384 553 Hierocles
398 494 479 551 editis
492 492 569 551 libris
587 492 658 561 suis,
675 491 783 548 tametsi
799 490 955 550 detesto-A
969 488 1034 544 lonii
1049 499 1076 545 et
1091 492 1195 562 apuleii
1206 495 1334 550 ιιιιιιιιιιι
1347 494 1419 551 nulio
1431 494 1504 553 tldcii
1519 496 1766 568 atvctorcjactiteri.

115 588 171 645 bile
187 588 289 661 iuqeuii
302 587 346 645 sui
359 588 554 645 monimentum
570 586 624 644 siut
636 628 644 655 ,
657 586 726 641 nibil
748 584 820 641 aliud
836 598 917 655 quam
969 580 1025 637 Hce
1040 582 1175 638 immerito
1190 587 1310 655 quidem.
1324 587 1390 642 Ham
1406 604 1465 659 qun
1481 590 1622 660 Apollonio
1641 588 1766 645 triluvun-

115 680 236 738 nominis
260 680 490 738 immortalitatem
523 680 706 738 affectaverat.
734 676 852 734 Stultum
876 685 918 733 est
970 680 1023 741 tur,
1039 672 1086 727 illa
1106 688 1141 728 ex
1163 676 1401 743 Pbilostmto,uti
1415 681 1632 748 observavimus,
1653 682 1765 737 incerte

115 772 201 845 igitur
216 781 311 843 putare
331 772 379 841 id,
394 772 571 845 quodomuee
586 779 696 843 optant,
711 778 865 827 recusatum
883 768 917 823 ab
968 767 1096 835 ontuino,
1110 770 1218 840 nequid
1235 774 1350 844 amplius
1372 774 1507 844 dicantus,
1531 777 1592 833 iudei
1610 777 1760 848 scriptore,

115 866 278 937 ttpcttouto,
299 882 380 938 quem
397 865 536 926 Hierocles
547 865 616 921 ιιιιιι
639 862 829 935 aquibusdam
848 860 918 917 sicut
968 861 1067 919 litteris
1080 862 1205 920 mandata
1227 876 1299 921 suut.
1314 868 1417 926 Deinde
1431 886 1495 927 vero
1508 872 1675 943 Augustinus
1697 870 1764 926 dicit

117 958 206 1015 Deum
219 958 361 1017 adoratum
375 959 468 1017 luisse.
968 954 1029 1012 illos
1053 970 1161 1029 magos,
1176 959 1217 1015 vel
1232 959 1402 1020 laudabiliter
1418 964 1595 1037 pbilosopbos
1617 964 1762 1022 nominari.

157 1051 224 1110 Dein
238 1066 302 1110 rere
316 1051 383 1110 ialsa
393 1051 478 1109 luisse
490 1050 625 1121 Apottoutt
638 1049 766 1107 miracula
779 1048 843 1107 binc
854 1062 918 1105 auc·
968 1049 1054 1119 Qunam
1066 1049 1127 1119 jure
1141 1060 1232 1107 autent
1252 1055 1350 1110 merito
1373 1056 1399 1112 id
1414 1058 1448 1114 ab
1470 1075 1503 1115 eu
1517 1059 1618 1115 dictum
1638 1061 1689 1126 sit,
1702 1058 1765 1116 inde

118 1151 164 1203 tor
185 1152 277 1204 noster
298 1152 392 1217 aperte
414 1145 552 1201 convincit
569 1142 708 1217 (lactant.
729 1144 773 1197 ιιι.
793 1158 809 1197 ι
835 1140 915 1209 lust..
968 1142 1096 1214 colligas,
1112 1145 1183 1215 quod
1197 1144 1378 1220 Hieronymus
1393 1150 1564 1221 Apollonium
1585 1153 1764 1223 avvtignma·

118 1255 178 1312 eep.
193 1238 317 1310 utaquta
327 1240 469 1298 constabat
481 1238 555 1295 illum
568 1250 678 1308 opernm
688 1236 799 1307 magicis
809 1235 917 1294 dedisse
968 1250 1041 1307 qum,
1057 1251 1071 1291 a
1085 1236 1271 1311 Pytitagorieis
1281 1240 1469 1311 pbilosopbum
1485 1253 1666 1315 nurucuputum
1680 1243 1763 1300 luisse

119 1331 239 1400 artibus,
255 1331 353 1403 quibus
366 1331 468 1403 aliquid
484 1345 564 1401 sopra
577 1340 735 1389 consuetum
749 1337 852 1387 naturae
873 1344 918 1385 or·
969 1330 1145 1387 testiiicatur:
1162 1350 1172 1384 ι
1186 1332 1357 1404 spettcnius,
1372 1334 1465 1406 inquit,
1480 1338 1537 1393 sive
1558 1337 1603 1392 ille
1615 1352 1718 1407 magus,
1734 1344 1763 1390 ut

119 1423 211 1480 dinem
227 1422 324 1481 iecisse
337 1424 490 1483 videbatur.
503 1422 632 1479 Heiaudis
646 1422 777 1494 siquidem
789 1421 831 1477 bis
842 1420 917 1477 lrau·
968 1424 1064 1495 vulqus
1078 1424 1206 1497 loquitur,
1223 1428 1280 1484 sive
1299 1428 1489 1500 philosophus,
1504 1438 1534 1486 ut
1543 1430 1714 1505 Pythagorici
1725 1430 1766 1487 di·

118 1517 199 1575 dibus
214 1517 279 1575 illud
304 1518 384 1589 plane
400 1518 591 1587 tribuendum,
607 1517 678 1589 quod
698 1516 836 1573 Hierocles
855 1525 918 1588 post
967 1524 1033 1572 cunt
1048 1535 1058 1570 ι
1075 1516 1239 1591 (Hierouqm.
1256 1522 1330 1595 epist.
1346 1538 1372 1577 u.
1385 1522 1420 1577 ud
1433 1522 1564 1593 Pontia).

117 1612 312 1672 Philostratum
339 1614 457 1684 posteris
477 1612 586 1669 tradidit
609 1611 759 1686 (Plritostr.
786 1611 831 1667 ttt.
856 1624 916 1677 vtu,
1003 1610 1096 1683 Neque
1114 1612 1200 1669 solum
1214 1628 1296 1684 porro
1314 1616 1410 1686 vulgus
1426 1616 1497 1671 bunc
1512 1632 1619 1687 magum
1639 1618 1765 1687 vocavit,

117 1725 178 1782 cttp.
193 1708 234 1781 l),
249 1707 376 1768 eumdem
392 1709 565 1779 Apollonium
582 1723 642 1763 cum
658 1717 721 1763 aute
735 1706 852 1776 iudicum
869 1706 917 1760 tri·
968 1704 1015 1760 sed
1028 1705 1160 1761 Lucienus
1173 1718 1263 1762 narrat
1276 1706 1397 1781 (Luciliu.
1410 1709 1437 1763 in
1447 1707 1589 1764 Alexandr.
1600 1725 1643 1763 sen
1656 1707 1765 1781 eserie.)

116 1801 200 1860 bunal
215 1808 309 1869 staret,
322 1816 439 1873 mosque
453 1801 557 1859 debitos
571 1800 826 1879 poevvasbcmitianc
840 1798 916 1855 viatu-
967 1800 1111 1871 quemdam
1131 1800 1283 1857 maleleum
1306 1813 1334 1859 et
1351 1803 1504 1874 improbum
1525 1802 1765 1875 praestigiatorem,

117 1908 167 1953 rus
181 1904 264 1962 esset,
282 1902 336 1949 tum
351 1904 463 1965 repente
477 1910 509 1951 eu
523 1894 643 1951 eutitium
655 1892 745 1975 ¹oculis
758 1890 914 1958 evanuisse,
929 1896 954 1957 Β
968 1893 1116 1951 Alexandri
1129 1894 1222 1951 itidem
1234 1897 1303 1966 utaqi
1315 1907 1521 1969 praeceptorem,
1532 1913 1565 1952 ex
1576 1909 1669 1951 eorum
1685 1896 1768 1951 tuisse

116 2002 171 2045 nce
184 1986 505 2058 comparuisseamplius.
521 1988 555 2043 dt
570 1986 634 2043 iude
644 1986 778 2043 Eusebius
788 1984 848 2056 jure
863 2000 917 2041 mc·
970 2002 1084 2046 numero
1096 1987 1141 2058 qui
1155 2004 1216 2045 cum
1239 1989 1382 2061 upcttoutu
1395 1990 1512 2063 Tyauaeo
1530 1990 1629 2045 versuti
1644 1988 1766 2051 lucrant,

116 2077 173 2137 rito
188 2078 324 2138 concludit
340 2078 449 2151 (Ειιιιιι.
463 2078 524 2136 ade.
540 2076 669 2145 llitroci.)
693 2076 768 2135 illum
785 2091 840 2133 nou
857 2075 918 2132 ideo
969 2095 1132 2151 omnemque
1155 2093 1337 2152 pernoverant
1355 2084 1428 2139 iilius
1451 2084 1606 2156 impediam
1632 2101 1639 2138 ι
1660 2085 1702 2140 και
1721 2088 1768 2142 τιν

116 2172 229 2245 quidem
245 2172 540 2245 metuendisque
556 2169 844 2241 subtttjudtctum,sed
856 2170 917 2241 quia
969 2180 1058 2231 πᾶσαν
1073 2175 1307 2254 αιτιῦιραγῳδιαν
1318 2175 1431 2234 redires.

114 2266 235 2337 judices,
251 2267 443 2338 imperatorem
458 2274 485 2323 ct
498 2264 675 2323 circumfusos
685 2263 724 2319 illi
734 2262 918 2334 speculatores
1006 2270 1041 2322 nt
1055 2267 1242 2324 venementius
1255 2268 1344 2325 edituo
1354 2269 1479 2325 etimieos
1491 2268 1556 2324 bine
1565 2277 1642 2341 urget
1657 2266 1771 2323 Lactan-

116 2360 212 2433 eiiuqit
226 2376 258 2425 ac
269 2361 377 2423 ieiellit.
394 2362 450 2417 Hee
462 2360 578 2421 absimili
595 2374 661 2415 saite
681 2357 762 2415 modo
785 2356 919 2430 Hierony·
970 2358 1036 2427 tius,
1051 2362 1123 2432 quod
1137 2358 1238 2415 abillis
1253 2376 1336 2431 pauca
1352 2369 1471 2428 tantum,
1487 2360 1589 2415 lateutc
1603 2360 1684 2415 etiam
1706 2357 1769 2414 ilie-

116 2471 180 2513 mus
191 2463 285 2521 eotttpa
300 2454 496 2519 Harciouistcs.
513 2452 558 2524 qui
571 2451 707 2507 Cirristum
720 2451 782 2511 stete
795 2459 822 2507 et
835 2450 919 2509 simu·
969 2452 1059 2519 roeie,
1076 2462 1156 2525 atque
1172 2454 1267 2525 exigua
1281 2453 1417 2526 dpollonii
1438 2464 1564 2527 portenta
1580 2452 1767 2509 venditarent:

116 2547 172 2603 tate
185 2554 277 2610 aarum
293 2546 361 2611 lateo
377 2544 552 2611 aserebant,
573 2544 714 2613 aestiuus:
735 2542 919 2613 «oportunus
969 2544 1093 2605 eutasius
1107 2562 1171 2602 teo
1186 2547 1346 2617 ιιιιιιιιιιιι,
1367 2556 1396 2604 ιι
1410 2557 1463 2602 uu
1480 2546 1578 2611 mutua,
1595 2545 1681 2615 uque
1704 2544 1767 2611 ute,

117 2638 255 2711 Tyaneus
277 2638 416 2707 scribitur.
438 2652 499 2703 eum
515 2644 579 2695 anie
594 2636 775 2693 Domitianum
795 2636 919 2694 secretio
970 2639 1086 2697 ediderit
1100 2640 1246 2702 miracula,
1262 2648 1290 2693 at
1305 2656 1371 2695 ιιιιιιι
1386 2639 1448 2694 liber
1463 2636 1697 2711 edccnrplectcudc
1712 2652 1769 2691 errr-

117 2732 294 2801 consistorio,
320 2740 432 2804 repellis
446 2746 498 2791 nott
523 2730 717 2801 comparuisse.
747 2727 806 2785 Noti
826 2736 920 2799 poten·
969 2734 1197 2789 niosotlsuottst't
1214 2730 1463 2803 (caesarensem.
1482 2750 1540 2806 cop.
1562 2730 1703 2802 istanc
1724 2730 1771 2787 ittc

119 2828 186 2881 tiam
200 2826 306 2893 nomini
318 2841 456 2897 mnqorttm
471 2825 613 2897 praestigiis
622 2825 775 2896 adaequare,
789 2833 819 2878 ut
829 2824 920 2885 vides·
970 2825 1098 2897 loquendi
1110 2825 1191 2881 modo
1202 2824 1333 2887 loannem
1348 2824 1420 2887 tuaud
1433 2824 1514 2882 dubie
1523 2822 1644 2878 imitatus
1656 2831 1708 2889 est,
1722 2822 1768 2892 qui

121 2928 165 2975 tur
178 2919 271 2987 luisse,
283 2920 354 2991 quot
370 2936 424 2980 nou
435 2920 485 2977 luit
498 2939 507 2974 ι
523 2918 687 2993 (Hie-crtum.
702 2920 777 2991 epist.
789 2919 823 2976 ad
837 2918 919 2977 Pettt-
972 2923 997 2977 iu
1013 2921 1066 2979 ime
1079 2921 1215 2993 Evangelii
1226 2922 1266 2979 sui
1276 2920 1398 2993 scripsit,
1413 2935 1443 2980 sc
1458 2934 1510 2982 nou
1523 2917 1649 2981 arbitrari
1661 2916 1767 2989 singula

118 3014 207 3071 mecla.
222 3015 281 3074 edu.
298 3014 390 3079 Error.
405 3015 484 3076 leon.
502 3011 657 3087 Hiemem).
970 3010 1071 3074 Gitristi
1084 3029 1177 3087 opera,
1194 3014 1216 3069 si
1228 3012 1421 3079 scriberentur,
1438 3010 1568 3073 mundum
1580 3011 1667 3082 ipsum
1679 3024 1771 3079 capere

158 3107 339 3179 Quamobrem
355 3109 521 3180 Augustinus
536 3116 630 3169 censet
646 3106 798 3167 irridendus
809 3120 921 3178 prorsus
971 3124 1045 3182 potae
1059 3124 1102 3170 eos
1117 3109 1162 3180 qui
1180 3106 1378 3164 scribendisque
1395 3105 1472 3163 litrcc
1485 3103 1576 3180 (icen.
1593 3102 1694 3174 Etenq.
1711 3119 1769 3174 cup.

120 3203 320 3273 esseqentiies,
335 3205 380 3274 qui
395 3202 467 3258 butue
481 3201 654 3272 apollonium
669 3208 697 3259 et
710 3198 851 3271 apuleium
864 3214 922 3256 ma-
973 3218 1031 3272 ιιι,
1044 3203 1105 3274 ib).
1122 3205 1158 3260 ιιι
1178 3204 1220 3259 iris
1242 3204 1336 3274 procul
1360 3202 1441 3258 durbic
1461 3200 1551 3256 verbis
1570 3199 1703 3271 signiticat
1727 3199 1771 3252 iu·

119 3296 189 3368 gicis
202 3297 305 3353 artibus
319 3295 442 3362 deditos,
465 3295 571 3351 cbristo
594 3309 752 3368 comparare
770 3291 958 3358 suessanae
975 3297 1150 3354 nunterabiiis
1179 3296 1262 3352 iuvisse
1283 3293 1385 3351 Christi
1406 3309 1488 3367 opero
1501 3304 1530 3349 et
1552 3291 1697 3354 miracula,
1711 3304 1771 3358 que

122 3388 230 3448 tametsi
246 3387 413 3451 tolerabilius
425 3387 557 3455 visitabit,
574 3387 645 3458 quod
667 3387 728 3445 illos
742 3402 803 3444 tuot
824 3385 920 3446 eodem
972 3391 1055 3463 digua
1067 3398 1146 3447 eraut
1159 3390 1302 3445 immortali
1317 3389 1454 3445 memorien
1465 3387 1619 3460 singulatim
1631 3383 1773 3454 consigua-

120 3482 231 3540 Cbristo
255 3479 354 3552 potius,
367 3495 447 3550 quam
471 3495 532 3539 cont
556 3479 771 3538 sceleratissimis
793 3478 845 3534 diis
866 3479 921 3537 suis
973 3488 1006 3540 ri.
1022 3484 1206 3539 Porroaotem
1215 3481 1424 3551 christianiae
1437 3481 1590 3538 Lactantius
1603 3477 1773 3550 prosequitur

120 3574 296 3632 contulerint.
318 3572 474 3632 Hercelliuo
497 3571 647 3644 siquidem,
672 3573 778 3643 ipsum,
793 3581 821 3628 ot
842 3572 922 3642 paolo
974 3579 1106 3649 (ductent.
1122 3577 1202 3632 libs.
1215 3593 1272 3650 cop.
1290 3574 1333 3648 5),
1349 3585 1517 3647 accreverunt
1528 3571 1671 3644 palamque
1689 3567 1772 3641 proii-

121 3682 186 3726 aute
201 3669 375 3737 dicebamus,
392 3669 569 3740 interroganti
585 3668 624 3724 sic
643 3666 789 3738 respondet
807 3685 814 3726 t
832 3685 841 3720 ι
857 3666 921 3736 Quis
974 3671 1099 3726 tebautur
1112 3667 1249 3724 Gbristnm
1271 3675 1334 3724 esse
1356 3681 1450 3722 verum
1465 3667 1561 3729 Heum,
1576 3662 1623 3718 sed
1640 3677 1693 3716 nou
1710 3659 1772 3716 idco

122 3764 167 3819 vel
182 3763 239 3821 risu
253 3763 362 3834 diguam
379 3778 433 3824 non
449 3769 532 3834 putet,
545 3763 617 3834 quud
630 3761 801 3834 dpolioniutu
812 3769 841 3818 et
850 3763 923 3834 dpu—
975 3771 1090 3828 tantum,
1101 3762 1164 3833 quia
1180 3767 1220 3818 tot
1233 3769 1361 3832 tantaque
1372 3759 1501 3814 miraculo
1512 3757 1547 3812 ab
1560 3757 1620 3827 ipso
1631 3753 1714 3818 edita,
1726 3767 1773 3807 vc-

120 3855 222 3923 ieiom,
237 3863 405 3930 crateresque
419 3857 582 3927 magicamm
607 3857 705 3914 artium
725 3854 920 3926 peritissimos,
973 3873 1033 3916 rum
1047 3857 1128 3915 etiam
1141 3857 1203 3929 quia
1227 3870 1259 3913 ea
1280 3857 1336 3926 ipsa
1351 3869 1367 3910 s
1380 3854 1466 3910 saeris
1479 3851 1601 3916 vatibus,
1616 3848 1656 3902 oti
1671 3847 1773 3906 dictum

119 3947 250 4007 coulerre
283 3948 414 4017 Christo,
441 3949 483 4008 tel
510 3949 592 4009 etiam
617 3946 745 4021 prolerre
770 3947 923 4006 conantur?
973 3963 1031 4020 est,
1046 3952 1142 4009 divino
1165 3951 1260 4021 spiritu
1278 3948 1377 4006 addatis
1400 3943 1579 4018 praenuntiata
1601 3940 1773 3995 luisseeerto

120 4055 288 4112 quamquam
305 4040 473 4100 tolerabilius
486 4041 628 4100 fereadum
643 4043 678 4100 sit
692 4040 800 4114 quaudo
818 4042 885 4098 istos
898 4040 924 4096 ei
974 4048 1074 4105 cerutus
1083 4051 1282 4113 compererant.
1298 4041 1378 4112 atqui
1391 4053 1442 4095 nee
1455 4034 1624 4107 Apollonius,
1638 4045 1688 4086 nec
1702 4031 1776 4100 tipo-

121 4132 216 4204 putius
238 4141 443 4203 compararunt,
467 4149 546 4204 quam
570 4133 637 4192 deos
652 4149 727 4191 suos.
752 4135 835 4191 liutto
851 4135 924 4190 enim
974 4140 1044 4197 teins
1057 4151 1120 4192 vera
1134 4149 1262 4206 umquam
1277 4132 1420 4189 ediderunt
1434 4127 1580 4191 miracula,
1603 4138 1691 4195 neqvuc
1704 4120 1774 4178 ullus

120 4227 233 4296 melior,
250 4226 321 4298 quod
336 4226 473 4290 latendum
487 4236 539 4295 est,
550 4207 709 4298 spottiiun
721 4227 780 4308 luit,
792 4243 872 4300 quam
885 4235 926 4284 tot
975 4244 1103 4301 umquam
1116 4241 1149 4283 es
1163 4225 1302 4298 abaliquo
1319 4224 1411 4280 divino
1428 4219 1578 4293 propbeta,
1592 4218 1675 4289 ‚prius
1693 4228 1774 4286 quam

121 4327 279 4392 stuprorum
292 4329 424 4381 auctorat
438 4329 620 4392 perpetrator,
635 4336 716 4392 quem
730 4321 824 4378 lovem
838 4323 925 4380 nomi·
976 4325 1085 4392 iterent,
1098 4317 1256 4376 annuntiata
1269 4316 1353 4373 luisse
1363 4315 1440 4372 ullibi
1455 4312 1616 4369 testificatus
1625 4317 1677 4366 est.
1694 4307 1775 4364 Plura

122 4423 192 4472 uant
208 4435 218 4469 t
236 4415 383 4488 (depastio.
399 4417 473 4489 epist.
493 4416 544 4474 idi
565 4415 599 4470 ud
621 4415 741 4472 Horretl.
756 4416 770 4488 ι
785 4415 842 4486 ιιι).
862 4417 923 4472 dlis
975 4425 1065 4473 autem
1086 4415 1120 4471 de
1134 4411 1277 4485 Apollonio
1298 4413 1343 4483 qui
1356 4410 1447 4481 legere
1460 4404 1592 4472 volucrit,
1611 4402 1775 4471 isHuctium

121 4521 191 4564 vero
209 4509 236 4564 iu
257 4507 372 4578 epistola
392 4507 543 4578 seulibro,
557 4508 601 4566 ubi
617 4507 742 4566 etbuieos
755 4508 863 4577 refellit,
879 4508 925 4580 qui
975 4508 1101 4568 consulet
1123 4503 1215 4580 (Hert.
1250 4505 1283 4559 dc
1305 4503 1452 4560 Donousa.
1479 4498 1603 4570 Hvenqel.
1628 4513 1703 4571 prep-
1731 4511 1775 4562 ¹¹2

123 4598 223 4659 Jouotu
237 4599 327 4666 triduo
340 4601 367 4658 itt
380 4610 475 4662 ventre
489 4603 540 4658 ceti
554 4599 654 4668 luisse,
677 4611 804 4674 tauquam
820 4602 925 4673 penitus
977 4623 1001 4664 c.
1015 4603 1092 4676 tlt),
1108 4608 1136 4658 et
1148 4600 1310 4658 recentioris
1324 4594 1468 4669 scriptoris
1479 4593 1705 4660 lucubrationem,
1718 4588 1777 4660 qai·

122 4695 282 4763 incredibile
294 4695 457 4764 irridebant,
474 4696 510 4753 ibi
524 4695 697 4768 Apollonium
714 4696 785 4761 ltaud
799 4697 926 4754 dubitau-
938 4689 964 4755 D
977 4700 1029 4757 iiea
1042 4700 1134 4771 linqua
1147 4711 1233 4769 nuper
1246 4694 1438 4767 conscriptam.

124 4801 167 4848 tor
180 4806 285 4861 magum
301 4791 418 4864 appellnt
431 4833 438 4858 ,
456 4799 484 4847 et
496 4791 593 4848 asserit
604 4800 752 4848 memorata
771 4791 830 4863 ejus
844 4796 926 4850 tuira-
1013 4794 1113 4850 Contra
1122 4803 1212 4848 tamen
1225 4786 1476 4862 impudentissimus
1489 4781 1700 4840 christianornm
1712 4778 1776 4832 ιιιιι-

123 4885 187 4942 cula
206 4883 307 4943 nullius
321 4896 394 4940 certa
410 4887 570 4942 auctoritate
581 4883 700 4942 ilrmavi:
717 4903 727 4938 ι
743 4885 776 4941 Et
796 4888 925 4946 tamensi
980 4888 1016 4944 tis
1034 4887 1173 4944 Hierocles
1194 4885 1329 4950 invtaltat,
1341 4897 1403 4952 que
1416 4882 1442 4936 iu
1461 4893 1538 4935 sacra
1558 4874 1698 4945 Scriptura
1714 4884 1779 4928 aar·

125 4977 190 5046 boe,
203 4977 295 5048 iuquit,
311 4976 382 5048 quod
393 4975 427 5032 de
441 4975 508 5034 luna
520 4977 651 5048 scriptum
666 4985 718 5042 cst,
732 4977 860 5048 dpulcius
871 4979 927 5034 Ho-
979 4991 1085 5049 rantum,
1099 4981 1158 5036 lucc
1170 4979 1237 5035 laisa
1248 4994 1319 5044 esse,
1336 4979 1388 5033 sibl
1403 4976 1468 5048 ipsis
1482 4971 1617 5030 contrarie
1630 4977 1681 5025 etu
1697 4967 1779 5023 Petro

125 5069 280 5136 dauveusis,
291 5069 334 5124 vel
346 5069 504 5140 apollonius
517 5069 752 5142 Tyaneuslerisss
761 5069 925 5138 dicerentur,
978 5081 1007 5131 et
1019 5073 1119 5140 Paulo,
1135 5071 1297 5143 caeterisque
1308 5069 1408 5126 Gbristi
1422 5065 1562 5135 discipulis
1575 5061 1686 5118 rudibus
1698 5071 1725 5117 et
1739 5061 1780 5115 iu-
1833 5121 1838 5138 1

124 5177 241 5234 quorum
254 5162 337 5219 multa
350 5162 437 5231 mira,
452 5162 528 5220 nullu
541 5162 614 5218 idoli
635 5169 762 5232 auctore,
781 5163 924 5234 jactitent,
979 5167 1081 5236 domis,
1097 5181 1129 5220 ac
1143 5165 1282 5236 plerisque
1294 5162 1438 5234 piscatoria
1452 5165 1511 5212 arte
1526 5161 1657 5224 uetustum
1678 5151 1781 5207 lacien.

125 5256 249 5330 quamtis
262 5263 290 5312 et
302 5256 440 5314 daemones
452 5257 579 5314 nonnulle
593 5257 692 5314 iaciant
703 5257 814 5330 Angelis
824 5259 926 5316 sanetis
978 5263 1069 5329 tibus,
1093 5272 1174 5333 atque
1196 5261 1287 5316 omnia
1311 5259 1344 5314 ad
1367 5257 1471 5312 lucrum
1495 5251 1695 5314 revocantibus,
1720 5248 1780 5304 iveta

125 5350 236 5416 similia,
253 5365 307 5408 nou
321 5351 446 5418 ueritate,
462 5351 509 5408 sod
523 5351 629 5421 specie,
644 5365 698 5408 non
714 5353 863 5424 sapientia,
877 5352 926 5410 ssd
978 5355 1063 5412 luisse
1086 5367 1117 5410 ae
1138 5351 1271 5409 fallaciter
1290 5349 1474 5406 disseminata.
1495 5342 1549 5402 Sed
1572 5341 1779 5399 incensissimam

124 5447 207 5519 plane
220 5444 339 5512 lullseia;
355 5453 444 5501 mnteu
459 5446 482 5501 si
492 5443 527 5500 de
540 5444 609 5512 istis,
622 5453 651 5500 ut
663 5444 734 5514 disi,
755 5461 822 5519 quos
834 5459 927 5517 mattos
977 5447 1142 5506 calomniam
1159 5457 1213 5502 tam
1236 5445 1290 5501 cito
1312 5457 1393 5514 quam
1418 5438 1498 5495 iacile
1512 5437 1670 5494 Lactantius
1689 5443 1782 5490 noster
1831 5482 1834 5488 .

125 5539 168 5596 vei
185 5536 361 5609 pbilosopltos
383 5538 554 5596 laudabiliter
576 5538 725 5607 nominant,
753 5541 805 5594 tals
823 5539 926 5612 aliquid
978 5541 1091 5613 depellit
1107 5539 1192 5612 (dect.
1217 5538 1261 5594 ιιι.
1275 5555 1300 5605 ι,
1319 5552 1378 5606 rep.
1392 5535 1411 5589 2
1424 5542 1452 5590 et
1465 5533 1510 5604 5).
1527 5531 1593 5588 Ham
1607 5530 1630 5585 sl
1645 5529 1726 5584 rudes
1751 5536 1781 5584 et

124 5641 295 5699 ructuaretur,
310 5647 362 5688 uon
372 5630 428 5702 ism
442 5632 469 5686 iu
485 5631 579 5686 buccis
591 5643 714 5704 creparet
726 5632 805 5700 risus,
821 5635 869 5689 scd
885 5642 927 5708 ty·
978 5635 1080 5694 indocti
1094 5635 1213 5701 luerunt,
1228 5646 1293 5702 ergo
1307 5630 1392 5685 abeis
1407 5627 1494 5683 abluit
1508 5624 1626 5697 tingendi
1641 5623 1738 5677 astutia
1753 5630 1782 5678 et

126 5726 223 5800 pirus»
245 5722 330 5795 (latent
347 5724 422 5796 epist.
438 5739 485 5782 ott.
500 5731 591 5794 quest.
606 5721 646 5795 tt).
665 5723 805 5790 nuruum,
822 5739 924 5795 qomso,
978 5731 1115 5788 voluntas.
1128 5727 1198 5796 Quid
1213 5739 1289 5791 vero,
1303 5723 1376 5795 quod
1391 5738 1445 5779 non
1461 5711 1562 5777 indocti
1576 5715 1711 5780 homines,
1732 5715 1783 5772 scd

124 5829 275 5892 ιιιιῑιῐιιιιθῐ
288 5814 413 5872 idlffl‘lil
427 5815 462 5871 ad
473 5815 511 5882 id,
528 5815 600 5886 il¹¹⁰d
614 5816 651 5870 ibi
671 5814 786 5870 ⁰¹3ffl5¹1⁸
799 5817 850 5871 isit*
862 5815 927 5872 (¹⁰0⁴
980 5822 1078 5881 eruditi
1090 5837 1122 5878 ae
1135 5819 1259 5878 doctrina
1272 5814 1388 5887 esettlti,
1406 5813 1500 5888 quales
1512 5823 1590 5870 emut
1599 5810 1688 5876 Plato,
1704 5808 1782 5865 dris-

128 5922 171 5969 ιιι
185 5907 274 5985 patau
286 5915 432 5982 aperteque
446 5919 606 5982 asseverat,
619 5910 928 5986 restaurantesque
983 5913 1081 5976 totcles
1102 5911 1200 5985 aliique
1220 5907 1391 5983 pbilosopui,
1407 5907 1543 5967 contraria
1562 5905 1621 5966 sibi¹
1632 5900 1746 5962 invicem
1761 5908 1790 5960 et
