4017 6350
128 336 206 397 tots
582 336 660 396 (ιιι).
683 340 714 395 V.
739 338 873 399 tuobe.
893 338 939 396 DE
958 339 1076 399 isnin.
1091 340 1319 403 Riihtiiliiffl.
1719 346 1790 408 titt

127 452 165 509 sb
178 462 306 525 tempore
319 496 326 521 ,
340 468 395 525 quo
409 454 493 511 lncob
513 452 671 512 Putriarclra
686 470 747 511 cum
764 454 827 511 liliis
841 454 896 511 suis
911 454 938 511 in
953 457 1044 520 Ablii
1056 459 1175 533 denique
1184 471 1298 519 censent
1311 472 1419 521 montes
1431 478 1492 522 esse
1503 464 1573 522 duos
1585 464 1637 522 sibi
1649 464 1791 523 nuberen-

128 545 285 619 AEgyptum
311 547 470 613 dcsccurlit,
492 549 601 605 duruisse
627 550 756 605 dicendus
777 560 828 606 cst.
852 549 936 607 Porro
988 560 1046 616 tes,
1059 560 1088 609 et
1102 554 1175 611 breb
1186 554 1263 611 Sinni
1275 555 1430 613 interiorem
1443 558 1581 614 dixerunt.

125 654 223 699 autem
241 644 302 700 irinc
322 646 402 699 ctiam
417 644 563 715 colligitur,
579 660 646 715 quos
660 645 705 701 tlte
726 644 835 701 nomine
847 644 935 719 iiujo·
1024 644 1163 703 iiiibciiius
1176 648 1297 718 proiecto
1309 661 1368 713 est,
1385 651 1456 723 quud
1478 651 1634 707 bacuntius
1646 651 1789 709 contineo·

123 752 185 789 rom
200 748 347 791 nostrornm
361 737 503 807 desipuere
516 739 640 793 noluerit.
987 747 1030 793 ter
1040 737 1139 808 adjecit
1159 739 1310 806 israelites,
1326 759 1388 798 cum
1404 746 1430 798 iu
1442 746 1551 801 deserta
1570 745 1686 815 quadam
1700 744 1789 817 Syrias

163 830 311 901 Quomodo
323 843 411 887 nurteuu
427 832 532 888 liebrzei
544 832 578 887 ob
592 832 641 887 buc
652 830 807 906 AEgyptincn
820 831 934 901 captivi·
985 842 1063 903 parte
1080 834 1285 900 consedissent,
1304 838 1428 893 errrisisse
1443 849 1520 894 retus
1539 839 1714 895 liebraeorum
1736 853 1789 895 no·

124 930 183 977 tate
199 924 293 979 educti
310 923 425 990 luerint,
451 926 552 979 duretur
568 934 660 980 noster
684 924 754 980 burrc
776 933 886 980 eurrurrnt
906 926 932 981 iu
985 926 1205 997 meminensque
1224 928 1349 998 ιιιιιιιοι,
1364 940 1392 986 et
1404 943 1503 987 terrem
1516 948 1597 1002 quam
1617 933 1788 1002 incolebsnt,

122 1015 242 1072 modurn
255 1035 262 1071 :
276 1016 381 1090 borres
399 1018 500 1092 trajecit
513 1018 635 1090 populum
648 1018 730 1072 medio
744 1018 810 1072 mori
825 1017 933 1087 ιιιιιιο;
984 1016 1106 1074 ιιιιιιιιιιι
1126 1021 1243 1089 coepisso
1262 1024 1407 1090 appellori;
1428 1025 1555 1092 quoniam
1577 1026 1704 1094 princeps
1721 1038 1788 1081 exn·

124 1112 294 1181 procedente
315 1114 431 1187 tripete,
454 1124 478 1171 et
500 1115 630 1171 scindente
645 1130 739 1185 uqnum
743 1154 821 1173 .......
845 1124 874 1171 ιιι
896 1116 933 1171 nit
984 1112 1065 1165 minis
1077 1124 1171 1167 eorum
1182 1153 1189 1174 ,
1202 1112 1289 1182 inquit
1300 1154 1307 1179 ,
1319 1124 1374 1169 ernt
1390 1113 1483 1171 iudos.
1499 1116 1566 1184 Quis
1579 1118 1662 1185 enim,
1677 1130 1787 1188 neptes,

122 1214 224 1279 poeta:
983 1202 1035 1258 tuit
1045 1203 1128 1258 iudas
1141 1203 1189 1259 ilie
1203 1204 1377 1259 liebrncorum
1388 1207 1414 1259 io
1427 1206 1542 1262 desertis
1554 1206 1640 1280 Syrico
1649 1208 1788 1279 prismepsi

983 1295 1049 1365 Quis
1061 1296 1143 1351 ctiam
1165 1298 1251 1352 nescit
1265 1313 1345 1367 qunnr
1358 1300 1438 1354 uerte
1456 1298 1510 1354 sint
1524 1298 1559 1355 de
1573 1305 1660 1371 prima
1680 1300 1788 1359 iuuaret

982 1390 1103 1445 nominis
1119 1390 1224 1461 origine
1245 1392 1407 1461 opiotouest
1425 1389 1560 1462 ioseplrus
1573 1394 1668 1461 enim,
1685 1394 1731 1450 cni
1743 1409 1789 1451 re·

122 1477 232 1535 Versus
247 1478 292 1536 iric
305 1488 348 1538 est
360 1480 464 1555 virgilii
481 1482 507 1539 in
520 1490 616 1555 quarto
627 1480 819 1553 Georgicorum
831 1482 910 1539 libro.
982 1483 1119 1541 certiores
1141 1486 1224 1540 etiam
1247 1484 1355 1556 quidam
1379 1483 1467 1540 critici
1493 1482 1685 1555 subrogantur,
1711 1494 1789 1556 putat

160 1570 199 1627 dr
210 1570 328 1629 Gellaeus
347 1574 418 1631 hene
432 1573 564 1632 Lactoorii
583 1574 763 1630 narrationem
777 1575 812 1633 de
827 1574 930 1647 burgeto
982 1588 1126 1647 utrumque
1140 1576 1192 1632 boc
1201 1575 1356 1633 irtdsuorum
1370 1591 1468 1632 nomen
1481 1575 1603 1632 liebrreis
1614 1591 1788 1649 ‚eorumque

120 1663 263 1721 israelitas
283 1666 456 1737 procedente,
477 1676 506 1724 et
531 1667 670 1724 scindente
691 1682 787 1739 aquom
809 1668 927 1725 vellicat.
980 1668 1056 1741 periti
1068 1669 1241 1737 impositum,
1265 1678 1407 1740 postquam
1421 1684 1438 1725 e
1451 1668 1599 1741 babytoote
1619 1670 1743 1735 reuersi,
1758 1670 1788 1727 in

118 1756 190 1813 Nom
210 1757 237 1813 in
251 1756 347 1828 Exodi,
359 1758 462 1830 inquit,
480 1760 549 1817 libro
564 1760 677 1832 legimus
689 1760 818 1832 inpetum
829 1759 929 1819 abiisse
980 1766 1092 1835 pristine
1112 1780 1161 1819 sua
1185 1766 1243 1820 loco
1265 1765 1429 1835 postliminio
1446 1764 1595 1819 redierunt.
1615 1763 1783 1835 Epiphanius

118 1850 282 1920 pussillos,
297 1856 465 1925 siccatasque
480 1868 562 1926 aquas
574 1897 582 1922 ,
595 1864 676 1911 sento
687 1853 767 1911 darete
780 1864 808 1911 et
820 1863 925 1923 urente,
942 1866 966 1928 Β
980 1870 1046 1912 vero
1059 1857 1185 1928 opinetur
1199 1859 1209 1926 (
1224 1856 1336 1928 Epipb„
1351 1857 1397 1913 lii.
1411 1872 1420 1913 ι
1443 1857 1503 1911 udo.
1524 1858 1636 1925 barm,
1652 1855 1668 1929 ι
1683 1857 1701 1911 ι
1714 1867 1738 1912 ιι
1751 1855 1783 1929 ι)

120 1952 270 2015 postquam
285 1944 391 2017 iioyscs
403 1960 511 2001 urnrmm
527 1962 601 2002 surum
623 1946 649 2002 in
664 1962 738 2002 mare
751 1946 926 2003 extendisset.
979 1949 1041 2005 iilos
1057 1950 1098 2007 sic
1115 1950 1320 2021 coqoonrioatos
1333 1952 1370 2004 ob
1383 1949 1482 2005 tribum
1503 1948 1600 2015 iudeo,
1623 1964 1659 2007 ex
1674 1947 1784 2020 religio-

119 2040 226 2097 Verum
249 2042 316 2097 odeo
338 2042 428 2113 iucptu
453 2054 495 2099 est
518 2042 597 2113 hujus
625 2042 758 2110 leontinis,
781 2045 926 2098 doctorem
980 2054 1073 2097 sorum
1089 2040 1229 2096 bominum
1243 2056 1342 2109 qerrere
1355 2042 1554 2111 compositam,
1570 2050 1653 2112 atquo
1665 2040 1699 2098 iis
1712 2050 1784 2098 tem·

117 2144 201 2187 soum
228 2144 363 2189 uenenato
387 2133 469 2190 dente
490 2135 589 2205 ubique
618 2134 716 2205 possim
738 2133 924 2201 corrodentis,
979 2132 1107 2205 poribus,
1121 2132 1220 2201 quibos
1233 2132 1333 2197 berid,
1348 2132 1497 2199 Salomon,
1512 2132 1625 2204 eiusque
1645 2132 1716 2189 iilius
1729 2132 1787 2191 ilo·

118 2224 318 2292 reproborum
345 2237 373 2281 ut
397 2241 457 2282 enm
483 2226 570 2297 Spart
589 2227 649 2299 jure
670 2228 766 2283 merito
790 2226 924 2297 rejecerit.
978 2224 1058 2281 burm
1073 2223 1267 2295 Hierosolymis
1288 2224 1446 2295 sequanam.
1469 2222 1523 2281 Sed
1537 2224 1659 2281 atticum
1671 2224 1781 2295 durus·

117 2316 188 2373 llam
210 2318 339 2375 columne
353 2320 422 2376 lucis
445 2319 567 2376 liebrnis
585 2332 669 2391 usque
689 2319 723 2374 nd
741 2318 825 2375 Rubri
844 2318 927 2373 maris
979 2320 1037 2375 tino
1048 2318 1205 2373 existimem
1222 2316 1378 2375 iudaeorum
1389 2328 1419 2375 et
1435 2316 1514 2374 iude
1527 2331 1679 2387 cognomen
1693 2330 1785 2374 ortum

118 2410 200 2469 littus
221 2412 353 2470 anteivit:
381 2414 469 2485 ibique
489 2413 569 2469 scidit
584 2416 643 2484 ejus
659 2428 763 2486 aquas,
784 2422 924 2484 postquam
977 2411 1062 2469 iuisse
1083 2427 1097 2465 n
1120 2409 1189 2467 iuda
1210 2410 1351 2483 (depost,
1374 2409 1419 2465 lib.
1439 2426 1476 2467 xe
1494 2406 1636 2478 decinit,
1659 2426 1719 2481 cup.
1734 2410 1784 2481 b),

118 2504 233 2579 iioyses
247 2520 323 2563 suam
338 2508 365 2563 io
382 2508 446 2563 illud
462 2521 570 2561 monum
585 2508 764 2577 porrexisset.
976 2504 1070 2563 ieeurbi
1092 2503 1251 2575 patriarchae
1274 2505 1340 2559 titio.
1360 2502 1504 2559 llormullis
1523 2501 1621 2559 adbuc.
1634 2500 1721 2559 risum
1742 2510 1786 2559 est

156 2600 229 2655 Turn
241 2599 338 2656 deiude
359 2600 513 2657 Lactantius
536 2598 620 2655 reiert
640 2599 767 2655 miracula
779 2638 787 2665 ‚
801 2612 862 2668 quae
881 2596 925 2654 iile
978 2598 1049 2655 lranc
1069 2596 1278 2668 appettortooem
1304 2593 1368 2650 iude
1392 2594 1584 2664 repetendam,
1605 2594 1679 2665 quod
1697 2593 1784 2649 tribus

120 2690 148 2746 in
163 2690 283 2747 desertis
298 2692 380 2759 tecit,
403 2695 450 2749 sed
465 2708 515 2749 nec
537 2693 649 2756 omnia,
664 2704 715 2747 nce
732 2691 790 2761 ipso
812 2690 924 2759 ordine,
976 2690 1069 2757 tude,
1081 2691 1189 2748 caeteris
1205 2690 1410 2755 constantibus,
1427 2698 1474 2745 aut
1487 2686 1685 2755 diitldeutibus,
1697 2688 1785 2758 prima

119 2802 173 2858 quo
190 2786 217 2842 in
234 2788 318 2843 sacris
332 2788 429 2843 litteris
449 2786 583 2855 descripto
597 2794 670 2840 snut.
684 2782 735 2841 tint
755 2792 845 2839 autem
858 2784 925 2839 mira
977 2783 1082 2841 medias
1096 2787 1170 2839 inter
1187 2780 1271 2838 maris
1282 2780 1367 2837 Rubri
1388 2781 1475 2838 undas
1498 2779 1619 2853 lioyseru
1631 2790 1724 2837 secuta
1734 2778 1782 2837 sit.

120 2894 235 2951 prorsus
263 2880 311 2936 liei
325 2896 388 2952 erqo
403 2880 538 2937 israelites
562 2878 690 2935 beneticie
723 2886 866 2946 recenset,
888 2879 925 2935 ibi
977 2875 1047 2945 outo
1058 2876 1156 2930 mirum
1170 2872 1250 2944 igitur
1259 2887 1323 2929 cum
1337 2881 1377 2929 tot
1387 2872 1486 2929 luerint
1499 2871 1780 2942 eadereopiuiones,

119 2988 223 3031 marma
237 2975 345 3032 cebetis
359 2976 472 3030 stereon·
496 2977 610 3049 plurium
621 2976 747 3046 appellnt.
763 2974 817 3031 Sed
833 2974 871 3041 lui,
883 2974 925 3029 in·
977 2971 1001 3027 si
1025 2969 1183 3028 Lactantius
1195 2968 1294 3025 obierit
1312 2968 1340 3023 in
1358 2968 1477 3040 aliquam
1495 2968 1680 3037 simularem,
1700 2975 1729 3021 et
1747 2965 1783 3023 ab

119 3068 200 3139 quit,
215 3068 298 3141 impie
314 3070 431 3139 ingrati,
446 3080 473 3125 et
486 3076 622 3124 tentorum
639 3066 830 3125 berredciorum
847 3082 924 3138 pror·
977 3062 1032 3118 illis
1041 3062 1166 3117 ominibus
1180 3060 1314 3117 diuersam
1325 3061 1337 3115 i
1349 3060 1386 3117 dt
1399 3060 1553 3116 ludaeorum
1574 3066 1602 3113 et
1614 3058 1717 3114 iusisse
1729 3072 1781 3113 no·

119 3175 167 3218 sus
179 3162 378 3231 immemores,
393 3161 420 3218 in
438 3162 586 3230 torrissem,
609 3173 638 3218 m
658 3159 848 3234 AEgyprirrrum
868 3159 926 3216 ido-
978 3168 1041 3211 men
1053 3152 1167 3224 ejusque
1179 3152 1312 3223 ostiginem
1332 3159 1459 3221 repetere
1472 3150 1578 3208 ridetur
1588 3148 1680 3207 exilio
1692 3147 1781 3218 tude,

120 3251 259 3311 lolutriam
277 3255 395 3325 prolapsi
416 3265 496 3322 suut,
511 3265 539 3310 et
551 3271 677 3322 uerum,
692 3265 721 3310 ιιι
734 3254 781 3310 ilie
795 3253 923 3324 loquitur,
938 3253 961 3316 C
977 3250 1024 3318 qui
1037 3244 1219 3304 Cbarrauaeuur
1229 3256 1258 3301 et
1272 3245 1447 3302 Phoroneum
1461 3245 1575 3308 uicisse,
1597 3244 1782 3316 plurimasque

119 3359 200 3416 copus
225 3345 315 3415 iouie,
334 3363 408 3419 quern
426 3357 515 3403 ιοιιιιιι
535 3347 610 3420 Apim
614 3385 670 3402 .....
693 3347 860 3418 liquescunt:
874 3345 926 3402 boe
979 3338 1080 3406 urbes,
1101 3351 1134 3394 ac
1154 3336 1313 3394 rronriuatim
1336 3337 1503 3394 iliorusaleru
1523 3335 1658 3396 delevisse
1678 3353 1783 3398 mento-
1869 3382 1872 3388 ,

119 3449 179 3506 est,
196 3443 347 3513 tigururunt
369 3451 450 3514 ceput
472 3441 568 3508 boris,
590 3457 669 3511 rrrrem
695 3439 835 3514 AEqyptii,
855 3439 927 3496 sicut
977 3444 1064 3490 ratur.

120 3535 184 3590 nlibi
200 3535 406 3592 observavimus
420 3578 427 3601 ,
441 3535 519 3606 Apim
534 3536 676 3592 rorabant.

156 3624 232 3680 Deus
250 3634 340 3681 autem
362 3623 461 3698 populo
479 3625 585 3696 ioqrnto
598 3627 702 3693 iratus,
728 3624 815 3696 pergit
831 3632 925 3680 auctor

124 3726 231 3784 noster,
245 3715 319 3772 illum
335 3717 463 3789 qrnuibus
477 3717 564 3788 poeuis
578 3717 735 3785 urrulctauit,
758 3716 924 3787 subiugavit·

121 3825 174 3882 que
196 3812 268 3882 legi,
291 3826 339 3884 per
360 3810 468 3884 lioyseu
488 3813 566 3870 ιιιιιιι.
595 3811 698 3869 llursus
722 3827 786 3870 reru
808 3811 924 3868 Gullnus

121 3919 183 3960 curm
206 3905 349 3962 Lacnmtio
371 3908 486 3974 rixetur,
501 3907 645 3978 objicitque
659 3906 710 3962 boc
730 3905 825 3963 tarsum
845 3919 924 3975 esse,

122 3995 146 4052 si
167 3995 345 4062 tueruouus,
362 4001 588 4068 quemadmodum
604 3999 722 4066 uidetur,
736 3999 772 4056 ibi
793 3999 926 4070 signiticet

122 4086 208 4144 iatnm
223 4087 306 4146 luisse
329 4089 415 4161 legem
439 4091 467 4148 in
492 4091 685 4163 luniuapecceti
708 4105 824 4161 poerrsm
841 4091 924 4148 brute·

122 4195 204 4251 quum
219 4181 291 4238 enim
309 4181 423 4252 populus
436 4223 444 4248 ,
458 4193 485 4237 ut
506 4183 551 4238 ilie
573 4183 677 4248 erquit,
699 4181 838 4252 ligurusset
856 4182 925 4238 ritu-

174 1340 285 1395 Curuate
296 1344 322 1395 in
332 1344 423 1396 montis
434 1342 521 1397 inciem
532 1346 695 1397 circumstetit
706 1344 781 1397 uude.

1273 3518 1421 3561 ιιιτιιιιιιιι
1440 3519 1480 3559 ιιι.

979 3597 1049 3666 Quor
1069 3597 1145 3652 nortia
1158 3593 1262 3670 iioqees
1279 3595 1417 3670 Trojonmu
1437 3597 1536 3652 cladem
1558 3600 1740 3656 nntaessserit:
1754 3610 1780 3657 et

1014 3689 1046 3744 de
1059 3689 1168 3744 oliorum
1183 3690 1385 3762 prophetorum,
1408 3705 1439 3746 αι
1451 3705 1539 3762 repunt
1550 3705 1596 3746 seut
1613 3692 1779 3766 principum,

1013 3780 1059 3836 ιιιι
1072 3797 1181 3854 quornm
1193 3783 1299 3852 irnperio
1312 3784 1339 3836 iri
1348 3783 1510 3854 ιιοιιιιιιιιιι,
1523 3792 1619 3851 oeturte,·
1633 3795 1694 3854 quot
1704 3785 1781 3858 elap-

1013 3880 1047 3934 sis
1061 3891 1118 3950 post
1132 3877 1275 3953 Troianum
1288 3880 1417 3932 excidium
1429 3880 1503 3934 onnia
1513 3877 1600 3933 Duuid
1615 3889 1638 3933 et
1653 3878 1780 3938 Salomon

1013 3971 1194 4042 reprrnoen'ut,·
1213 3988 1244 4025 ne
1255 3979 1315 4040 qoot
1332 3971 1392 4023 inde
1410 3987 1491 4040 usqne
1504 3969 1539 4024 ad
1559 3967 1655 4025 Christi
1681 3980 1782 4044 ternpus

1013 4075 1196 4118 numerentur:
1214 4073 1302 4116 sttruos
1324 4057 1465 4115 Zueiurins
1490 4061 1569 4133 ιἰιειιι
1590 4061 1696 4116 uiliores
1719 4080 1781 4132 pro-

1013 4157 1110 4228 pheto,
1124 4165 1147 4210 et
1160 4165 1222 4228 qsot
1231 4155 1264 4209 ab
1277 4157 1332 4228 ejus
1343 4162 1418 4208 nlnte
1430 4169 1510 4224 usqne
1519 4154 1554 4208 ud
1567 4151 1664 4211 Cirristi
1672 4166 1781 4214 mortem

123 4270 197 4341 ium,
212 4275 267 4344 jam
294 4274 401 4346 Moyses
429 4274 495 4344 lepis
514 4274 676 4342 accipiendo.
701 4287 781 4328 causa
804 4287 924 4329 rtruutem
1013 4249 1075 4302 Μ
1086 4249 1230 4320 ι”αήωῖ
1253 4261 1331 4317 imm
1342 4260 1408 4300 '‘⁶“
1423 4245 1574 4301 mmm
1591 4263 1625 4304 ‘³
1642 4248 1692 4303 'm‘
1704 4250 1781 4304 ψη·

122 4365 310 4424 adscenderat.
336 4368 388 4424 Sed
420 4367 549 4438 nuntronio
572 4365 688 4422 Guliaeus
720 4367 786 4422 satis
810 4363 926 4422 attendit
1013 4342 1118 4412 mm
1132 4341 1267 4396 ‘mlum
1282 4355 1369 4394 Μ*
1383 4350 1454 4395 ”⁰⁸⁶⁸
1466 4357 1514 4396 ’ω
1533 4342 1664 4400 mm&
1677 4341 1781 4401 mmm

123 4458 234 4533 lluyseu
250 4457 333 4516 seroei
347 4469 374 4516 et
396 4460 493 4516 iterum
506 4456 679 4516 adscendisse
692 4457 765 4514 huuc
783 4467 922 4524 montem,
1012 4437 1118 4541 ‘'sm“
1131 4436 1206 4508 ‘imi‘
1219 4443 1295 4490 ‘'¹¹⁸⁶“
1307 4432 1434 4503 “iiiiii‘’
1452 4452 1531 4506 ‘lilii
1544 4436 1589 4493 ⁶¹¹⁶
1601 4437 1678 4495 ’ΝΜ
1691 4441 1778 4514 {W

123 4564 156 4606 ac
183 4560 244 4622 post
267 4551 416 4608 secundum
437 4550 500 4607 inde
525 4550 685 4606 descensum
713 4549 781 4604 dues
803 4547 923 4604 liebreis
1012 4536 1056 4583 Ν·

122 4644 232 4703 dedisse
255 4645 458 4718 legistabulae?
478 4643 547 4700 Tum
565 4643 745 4700 enimeorum
767 4641 964 4710 sesterces-1)
1012 4640 1129 4714 lloysis,
1160 4641 1330 4713 aliorumque
1357 4646 1547 4715 prophetorum
1581 4656 1689 4706 etatem
1722 4662 1776 4706 non

124 4735 215 4796 iensus
228 4739 330 4808 lueret,
346 4746 490 4810 erutoqunm
500 4751 548 4792 eos
561 4735 614 4808 legi
627 4735 792 4808 srrbjuqaret.
977 4734 1088 4790 oiluude
1108 4733 1282 4803 Lactantius,
1296 4744 1324 4792 et
1342 4735 1404 4807 jure
1415 4738 1525 4808 quidem
1540 4743 1655 4809 merito,
1669 4742 1777 4811 putarit

159 4831 293 4890 Preietos
320 4830 476 4888 Lactantius
505 4836 599 4886 censet
630 4827 699 4884 banc
724 4826 809 4896 legem
832 4824 922 4882 datam
977 4827 1078 4882 nertirrs
1093 4841 1173 4897 posse
1189 4830 1314 4900 agnosci,
1337 4844 1418 4900 quam
1432 4847 1465 4886 ex
1479 4832 1621 4903 designato
1633 4842 1779 4902 tempore,

123 4927 207 4987 inisse
233 4946 283 4986 oon
295 4931 322 4985 in
336 4941 422 4985 morule
437 4927 521 4996 Sino,
547 4926 631 4982 sedin
647 4935 731 4982 munte
755 4923 822 4980 Orei
846 4923 924 4998 (bnc-
976 4935 1031 4994 quo
1045 4921 1171 4976 riserunt
1182 4933 1210 4976 et
1230 4933 1410 4992 requererunt
1424 4939 1500 4995 reqcs
1518 4933 1547 4980 et
1560 4924 1712 4995 principes,
1726 4926 1782 4985 sub

125 5033 208 5092 tono,
222 5025 265 5082 til.
285 5041 323 5092 ur,
335 5041 393 5095 cop.
409 5023 465 5096 ιι).
480 5023 556 5092 Quod
570 5021 680 5094 quidem
694 5035 710 5078 ι
724 5018 854 5076 ιιιιιιιιιι
868 5061 876 5088 ,
891 5033 923 5075 ac
976 5029 1092 5086 quorum
1116 5015 1231 5086 imperio
1253 5013 1292 5070 illi
1316 5013 1441 5072 floruisse
1465 5015 1651 5087 peritibeotur.
1675 5016 1776 5086 Quam-

127 5127 218 5185 posten
241 5116 275 5172 ab
298 5115 528 5183 treoaeottroue„
552 5118 598 5173 lib.
615 5131 641 5171 ιι
664 5113 723 5170 ude.
736 5113 840 5178 ireres,
864 5128 921 5186 cup.
976 5112 1070 5168 obrem
1086 5119 1192 5184 tempus
1211 5110 1275 5166 iliud
1301 5111 1512 5182 ioreanaodum
1534 5113 1780 5184 semetsemet,

125 5204 187 5281 et)
217 5208 341 5264 similitor
372 5208 499 5264 traditum
528 5216 571 5264 est
599 5205 756 5280 (diolcon,
790 5219 837 5272 tr,
864 5202 919 5275 ι).
973 5206 1098 5278 quamvis
1107 5207 1134 5262 in
1150 5221 1184 5262 eo
1196 5205 1344 5275 retegendo
1357 5221 1411 5262 noo
1427 5219 1551 5276 magnam
1569 5206 1715 5264 arbitretur
1728 5221 1777 5265 oo·

126 5298 217 5373 Neque
241 5301 266 5356 id
289 5301 386 5356 mirum
416 5299 464 5356 tibi
491 5299 621 5356 rideatur.
647 5297 713 5356 llam
743 5311 779 5354 es
806 5296 923 5368 ipsomet
974 5313 1085 5356 currere
1110 5297 1306 5356 difficultatem.
1333 5297 1402 5354 ilaru
1436 5305 1561 5355 testatum
1594 5299 1779 5372 unusquisque

126 5391 219 5466 iioyse
232 5403 259 5450 et
282 5393 445 5462 llieronpmo
460 5390 588 5446 discimus
602 5390 673 5445 hurrc
686 5398 804 5444 montem
822 5387 923 5460 duplici
975 5391 1106 5464 propbeta
1128 5391 1210 5458 iecit,
1222 5391 1273 5446 sub
1282 5406 1335 5462 quo
1348 5405 1433 5461 rege,
1455 5391 1640 5464 uel-principe
1660 5394 1777 5463 vixerit,

126 5487 234 5543 nomine
253 5501 324 5542 nuuc
339 5483 435 5550 Sinni,
456 5497 528 5538 nmio
543 5481 652 5540 choreb
668 5481 778 5538 vocitari
802 5479 922 5552 (deod,
975 5481 1128 5552 litterisque
1143 5481 1378 5550 eemndaverit,
1393 5482 1554 5552 quaedtuloo
1565 5483 1669 5554 Spiritu
1681 5483 1779 5542 utilen-

126 5591 200 5645 uxr,
226 5577 277 5642 ts;
294 5577 447 5641 deuteron..
469 5591 531 5642 xrs,
555 5577 587 5642 l,
615 5574 648 5641 2;
663 5573 832 5646 Hieronem,
846 5575 923 5648 epist.
978 5583 1006 5632 te
1016 5617 1025 5642 ,
1036 5574 1082 5630 diu
1096 5585 1160 5632 ante
1173 5571 1323 5640 didicerat,
1336 5587 1417 5643 quam
1427 5576 1578 5632 centerius.

126 5669 161 5724 od
181 5667 298 5736 nattes,
314 5669 346 5723 de
362 5666 395 5721 ιι
408 5665 558 5738 monrium).
574 5664 687 5734 Quidem
703 5665 926 5736 reroiopiuantur
1014 5666 1068 5726 Sed
1084 5673 1193 5738 praestat
1208 5664 1378 5720 ιιιιιιιιιιιιιι
1394 5666 1499 5736 ipsum,
1512 5665 1548 5723 do
1558 5667 1648 5740 iioyse
1663 5666 1778 5739 loquen-

127 5759 216 5830 0reb,
236 5775 284 5818 seu
313 5759 426 5823 lloreb,
446 5773 496 5814 seu
518 5756 627 5815 Choreb
648 5771 709 5812 esse
728 5757 829 5814 montis
852 5759 928 5818 Sinni
979 5771 1046 5830 tem,
1060 5760 1134 5833 prius
1144 5756 1255 5814 audire:
1272 5773 1282 5807 ι
1301 5755 1380 5816 liubi
1392 5758 1559 5829 scriptores,
1577 5778 1587 5814 ι
1605 5760 1708 5832 iuquit,
1722 5763 1780 5820 ‹li-

128 5861 279 5919 summam,
294 5850 339 5907 elii
352 5847 546 5906 occidentalem
559 5890 568 5917 ,
581 5848 627 5906 elii
638 5847 797 5904 orientalem
811 5860 925 5918 purtem.
978 5854 1045 5910 bros
1057 5851 1092 5909 de
1106 5848 1273 5919 temporibus
1293 5847 1456 5917 ediderunt,
1480 5849 1587 5908 initium
1613 5851 1744 5911 ledentes
1768 5867 1784 5909 a
