4017 6350
247 285 297 342 aa
615 245 618 254 ⁴
906 277 1080 339 sraruant
1097 279 1237 340 naauau
1351 281 1357 292 ’
1840 275 1890 336 aa

242 411 268 456 ει
281 400 417 465 zozimas,
430 405 501 455 recte
514 398 657 465 adnatans,
674 397 732 452 buce
746 405 805 453 acta
825 404 885 470 post
905 395 1041 454 devictum
1056 401 1079 464 A
1093 413 1143 472 pro
1158 411 1213 468 quo
1224 397 1251 452 in
1262 396 1446 454 uetustissimo
1459 395 1554 455 codiee
1568 411 1621 454 aas.
1632 395 1759 455 eeclesia
1772 395 1890 454 Bellona·

243 471 419 537 liaxentiaur,
430 480 458 527 et
473 483 617 541 antequam
633 469 732 526 bellum
753 479 826 525 esset
855 469 926 524 inter
954 467 1041 524 llari·
1093 469 1183 525 censis
1196 472 1326 539 seriptum
1340 479 1382 526 est
1396 486 1487 536 carran,
1504 470 1695 542 quamvisnon
1706 470 1788 525 bene.

246 545 348 598 arriuam
361 553 388 600 et
403 543 543 598 Liciniam.
558 544 647 611 Quare
658 542 763 612 lapsum
776 555 837 598 esse
859 550 931 610 patet
953 541 1043 596 airum
1131 541 1266 596 Perintho.
1278 539 1307 595 lo
1320 550 1372 606 est,
1389 541 1527 598 lieraclea.
1541 542 1587 599 Sic
1600 541 1674 598 enirn
1684 553 1797 597 tumtur
1810 541 1891 597 liern-

245 614 429 671 doetissimum
457 613 588 670 loarmem
617 613 760 678 Marianum,
790 613 835 684 qui
859 611 886 666 in
913 611 982 668 libro
1007 613 1043 670 de
1092 611 1890 680 eleaTbraoiae,addillereutiamaliarnrnc'asdemnorniuis

245 686 366 742 Ecclesia
377 701 424 760 per
432 683 638 741 Constaruiuum
650 685 776 752 liberata,
787 699 848 756 pag.
861 683 924 752 528,
937 683 1041 752 scribit,
1093 684 1213 750 arbium,
1229 695 1257 740 ut
1272 693 1345 740 reete
1355 686 1459 740 notarit
1472 685 1605 741 ilenrieus
1621 684 1657 739 ia
1671 685 1785 740 esiasad
1795 684 1889 740 libram

246 759 378 816 bicinium
395 757 501 814 vertisse
514 756 695 814 Mediolanum
711 757 744 812 ad
760 757 965 812 Constantinum
982 764 1043 826 post
1094 769 1161 811 sarr.
1192 757 1326 812 ammiano
1346 755 1504 812 Marcellini.
1531 757 1712 828 lienologiam
1737 755 1891 813 Graecorum

243 830 376 886 deuictam
393 830 596 900 extinctumque
610 829 795 896 ilariminum,
808 828 898 898 ibique
908 825 1043 883 Constaa-
1093 828 1125 882 ad
1139 827 1211 883 diem
1224 827 1357 886 decimam
1382 828 1459 884 binii:
1477 827 1630 884 Perinthum
1654 828 1742 882 arbem
1766 827 1890 894 Torndae,

245 902 307 957 tiam
335 901 361 956 in
377 901 578 956 matrimonium
604 900 724 956 dtrxisse.
755 899 791 954 Eo
817 908 931 970 pancio.
957 899 1043 970 inquit
1092 915 1151 971 maa
1164 917 1231 954 nnnc
1247 900 1373 955 diabeten
1391 901 1496 954 dicitnr.
1513 900 1592 972 Apud
1609 899 1747 957 canisium
1765 911 1829 956 tom.
1848 915 1891 968 ιι,

243 971 377 1039 Ernaimus,
404 970 588 1028 Constantinus
616 973 650 1026 acl
664 969 750 1027 Celtae
763 973 906 1037 recutitur,
923 969 1043 1027 Licinias
1093 973 1211 1040 antiqua:
1226 973 1351 1028 lectionis
1366 988 1427 1042 pag.
1443 972 1507 1028 too.
1607 989 1613 999 ·

243 1045 270 1099 in
280 1044 426 1117 illyricam,
443 1053 470 1098 ut
482 1044 563 1100 tradit
572 1055 668 1100 auctor
676 1043 829 1115 Eragrncnti
842 1042 876 1098 de
884 1041 1043 1098 Corrstantio
1131 1043 1216 1099 liiidie
1230 1047 1315 1099 decem
1325 1054 1348 1097 et
1365 1055 1432 1098 octa.
1448 1041 1526 1099 Circa
1540 1043 1680 1109 Resistoo,
1690 1044 1736 1116 qai
1749 1043 1825 1097 locas
1836 1042 1890 1113 pri·

242 1116 351 1185 Cldoro,
370 1130 429 1186 pap.
448 1117 512 1172 475.
537 1115 591 1172 Sed
612 1123 756 1186 antequam
783 1113 933 1170 ilediolano
951 1113 1041 1170 disce·
1094 1131 1154 1170 mus
1167 1117 1286 1171 occurerit
1301 1117 1327 1170 iu
1347 1115 1489 1170 itinerario
1511 1116 1640 1171 Antonini
1656 1115 1783 1172 euntibus
1797 1116 1831 1170 ab
1845 1114 1893 1169 ile·

243 1187 348 1254 dereut,
365 1189 451 1258 legem
466 1191 515 1257 pr'o
530 1186 692 1242 Christianis
711 1186 864 1254 ediderunt,
886 1199 947 1258 quac
961 1185 1043 1256 paulo
1093 1193 1181 1243 caetea
1196 1187 1415 1257 lindrianopolrm
1427 1228 1435 1256 ,
1449 1201 1613 1260 quamquam
1624 1188 1664 1243 ibi
1676 1186 1777 1244 dieitur
1801 1187 1891 1241 abesse

243 1269 304 1330 post
318 1259 487 1314 recitabitur.
1094 1271 1123 1314 ιι.
1138 1275 1162 1315 a.
1176 1260 1212 1314 Ei
1227 1259 1262 1315 ab
1278 1259 1420 1316 lleraclea.

280 1330 499 1386 Existimaatriri
513 1329 622 1402 quidam
642 1328 803 1392 daretissiml,
822 1328 931 1400 nuptias
944 1327 1042 1384 Licinii
1130 1329 1277 1386 Secundam
1300 1328 1706 1402 mmsonmoleprasenaanoa
1726 1339 1770 1385 est
1791 1343 1892 1384 ranam

243 1411 272 1458 et
296 1400 464 1458 Constantine
498 1401 646 1458 celebratas
671 1400 754 1456 iuuisse
783 1399 925 1456 Mediolani
949 1413 1044 1456 naenso
1093 1402 1224 1474 scriptura
1241 1401 1891 1473 teterisexernplaais,qaa·sicbabct:Secunda

243 1471 348 1538 llartio,
362 1484 520 1545 argumento
533 1475 617 1544 petito
626 1488 660 1529 ει
670 1474 729 1546 lege
739 1472 825 1543 prima
837 1471 938 1527 codicis
949 1471 1040 1527 obeo-
1093 1475 1226 1530 mansione
1235 1481 1334 1530 tenente
1350 1473 1600 1543 dannnffmtnooes
1610 1474 1764 1543 totidemque
1774 1473 1893 1527 collectis.

244 1544 349 1600 dosiaui
380 1545 417 1599 oe
441 1545 513 1600 bonis
537 1545 699 1611 vacantibus,
725 1559 784 1614 quaa
808 1545 935 1599 scribitur
952 1543 1042 1598 dataa
1093 1544 1149 1601 lius
1167 1546 1231 1602 olim
1251 1551 1454 1618 cirrqeceramus
1482 1545 1625 1617 legendnm
1644 1559 1728 1602 esse:
1751 1544 1893 1601 Secundam

244 1615 421 1672 Constantino
446 1617 473 1685 li,
498 1615 558 1672 idus
572 1617 678 1672 llartias
696 1615 1043 1681 lledialani,Constnatiao
1094 1615 1635 1674 mannonemtenentcdiatantcnranilbibns
1645 1616 1892 1687 totidenactqseenl·

244 1687 313 1759 Auq.
329 1702 373 1754 ιιι,
387 1698 414 1744 et
433 1688 536 1744 Licinio
553 1689 717 1743 consulibus.
734 1687 892 1758 Quanquam
919 1701 1042 1742 inensem
1094 1689 1174 1745 lectis.
1202 1689 1298 1745 Postea
1316 1689 1494 1744 animaduerti
1509 1691 1695 1762 conjecturam
1716 1688 1892 1744 Britannicam

245 1759 368 1814 barrium
382 1759 409 1815 ia
420 1760 518 1816 bialum
531 1775 592 1816 esse
606 1758 764 1815 mutandum
787 1761 812 1814 iu
841 1759 891 1814 bac
906 1759 1039 1814 constitu·
1096 1777 1149 1817 unu
1165 1761 1252 1818 sairam
1277 1761 1475 1817 distinctionem
1490 1775 1567 1827 esse,
1584 1761 1632 1816 sed
1656 1775 1769 1824 amm,-
1783 1759 1893 1828 idemque

245 1830 318 1886 tione
331 1838 424 1888 censet
439 1831 594 1888 olorinusin
609 1830 679 1887 libro
690 1833 723 1887 de
745 1831 867 1888 Ecclesia
897 1845 946 1902 per
968 1831 1041 1884 Con·
1058 1799 1082 1859 B
1098 1832 1171 1888 illam
1185 1833 1308 1888 traaastuli
1328 1834 1355 1888 ln
1370 1840 1483 1887 textuum.
1494 1831 1664 1902 Quamquam
1678 1830 1827 1887 Columnas
1845 1847 1893 1885 nan

244 1903 391 1958 stantiaura
412 1903 535 1973 liberata,
556 1919 615 1974 pag.
633 1903 696 1966 529.
721 1904 794 1974 quia,
818 1911 847 1957 ut
871 1903 957 1973 inquit
984 1902 1042 1966 ille,
1097 1905 1238 1974 probaton
1263 1919 1295 1962 ea
1310 1902 1501 1962 emcardatione
1528 1905 1600 1976 qaod
1623 1904 1739 1960 anobis
1764 1903 1892 1974 orolatan

244 1972 437 2032 Constantinus
450 1989 544 2032 meuse
560 1975 657 2030 biardo
670 1975 742 2030 illius
758 1973 820 2029 anui
839 1973 970 2030 aduersus
982 1973 1044 2028 bar·
1097 1975 1200 2033 luerat.

245 2045 327 2102 barus
337 2047 464 2119 pugnauit
479 2048 505 2103 in
518 2045 675 2104 Germania.
687 2045 771 2111 Saue,
788 2045 859 2116 qaod
882 2044 967 2099 semel
984 2044 1045 2099 lucie
1381 2067 1496 2128 CAPUT
1509 2067 1603 2128 ml·

244 2116 406 2174 observasse
420 2117 547 2183 sulliciat,
564 2117 631 2173 nillil
644 2119 712 2173 certi
725 2117 814 2188 colligi
830 2125 919 2188 potest
934 2131 965 2170 ex
980 2116 1044 2171 sub·

245 2188 436 2257 scriptionibus
449 2187 642 2261 legameodice
656 2188 846 2244 Theodosiana
863 2187 1046 2256 comprebeu-
1132 2187 1239 2244 Snmme
1248 2186 1328 2242 oeae.
1345 2184 1394 2242 Vir
1417 2185 1584 2243 clarissimus
1608 2185 1728 2243 loannes
1749 2185 1890 2242 Columba

244 2273 350 2326 sarum;
363 2259 486 2330 adeoquo
500 2275 534 2315 ex
545 2261 585 2317 eis
597 2259 722 2317 concludi
734 2275 786 2316 non
798 2269 897 2331 potest,
911 2259 1045 2316 Carrrstan·
1098 2268 1190 2331 patat,
1204 2258 1238 2314 ad
1253 2259 1324 2314 bane
1346 2260 1497 2313 oratiunera
1522 2260 1659 2328 respicere
1684 2259 1828 2314 Eusebium
1849 2260 1891 2312 lib.

246 2330 331 2386 tiuam
344 2347 377 2387 eo
393 2343 515 2402 tempore
528 2333 554 2386 in
570 2332 603 2386 iis
615 2333 683 2387 locis
697 2331 790 2400 luisse,
815 2332 843 2387 in
864 2331 961 2403 quibas
974 2329 1045 2386 datae
1098 2349 1124 2389 rr
1145 2332 1181 2387 de
1196 2331 1257 2387 Vita
1276 2329 1445 2386 Constantini
1458 2343 1517 2400 cap.
1534 2329 1579 2392 lb,
1601 2331 1666 2384 dum
1690 2329 1803 2394 scribit,
1819 2331 1889 2384 illam

246 2402 383 2458 dicuntur.
397 2402 464 2458 Nam
480 2403 502 2458 si
528 2403 554 2458 id
577 2413 680 2458 ceruam
703 2412 785 2468 esset,
811 2413 914 2460 certunm
937 2415 1047 2474 quoqne
1098 2403 1250 2467 militibus,
1266 2402 1311 2472 qui
1325 2402 1423 2457 divirnc
1445 2403 1506 2457 lidei
1521 2400 1672 2458 doctrinam
1693 2400 1812 2456 nondam
1837 2417 1892 2455 sus·

246 2485 330 2539 esset,
345 2489 406 2530 earm
421 2475 491 2530 intra
507 2490 555 2531 sex
579 2475 684 2531 dierum
713 2476 828 2546 spatium
856 2475 940 2531 luisse
960 2471 1046 2529 llera·
1098 2474 1314 2547 ceperant,lege
1334 2473 1387 2528 lata
1402 2473 1581 2545 praecepisse,
1598 2482 1627 2529 at
1641 2474 1784 2529 dominicis
1805 2473 1893 2528 diebus

246 2545 311 2600 clena
326 2545 353 2601 ia
367 2546 534 2613 ilaredonia,
557 2555 602 2600 aru
616 2545 643 2600 in
658 2545 785 2614 illumin,
807 2555 834 2603 et
849 2544 993 2602 Mediolani
1018 2545 1046 2600 in
1099 2548 1126 2603 in
1146 2560 1271 2616 eampum
1301 2561 1396 2614 parram
1424 2544 1617 2615 procederent,
1639 2555 1668 2602 et
1692 2545 1889 2617 precationem,

245 2615 331 2684 ltalia,
344 2633 406 2674 carn
421 2619 473 2680 lex.
487 2617 523 2673 tle
536 2633 588 2690 qua
603 2617 729 2684 diximus,
743 2617 803 2674 data
820 2617 924 2689 legcrtur
945 2616 1049 2672 iledio-
1135 2634 1177 2675 nna
1189 2629 1265 2673 mana
1287 2616 1455 2685 didicissent,
1479 2615 1561 2671 simul
1575 2631 1671 2672 omncs
1690 2619 1771 2687 signo
1784 2617 1844 2671 dato
1862 2615 1892 2671 ad

244 2687 298 2743 lani
312 2689 329 2744 o
342 2689 402 2745 idus
416 2687 533 2756 Martias,
546 2700 572 2746 et
585 2690 628 2744 lex
643 2691 739 2759 prima,
754 2689 792 2743 be
807 2690 947 2758 ectenias,
963 2687 1049 2744 liena·⁴
1123 2705 1185 2747 eam
1201 2689 1361 2744 tunderent.
1378 2689 1411 2743 Et
1426 2703 1489 2743 mox
1503 2688 1529 2742 in
1548 2688 1785 2759 eapite‘seqaenti
1797 2686 1891 2742 lorinu-

246 2759 313 2816 oleae
337 2759 354 2816 5
377 2776 442 2817 ιιοιι.
458 2760 537 2816 liert.
559 2761 609 2817 sub
632 2761 727 2817 iisdem
748 2761 912 2817 consulibus.
941 2760 1049 2816 Fortius
1099 2762 1153 2820 lam
1168 2762 1226 2834 ejas
1237 2759 1376 2816 describit.
1393 2758 1492 2816 Veram
1502 2759 1547 2815 illa
1559 2761 1672 2816 multum
1687 2761 1792 2817 diversa
1808 2769 1846 2815 est
1859 2759 1889 2813 ab

247 2839 325 2902 urget
337 2847 418 2888 exera
440 2833 505 2900 larn,
521 2831 592 2916 qarod
604 2833 673 2888 sumi
687 2840 773 2902 potest
786 2847 818 2888 ea
835 2833 853 2887 l.
865 2833 893 2900 Ξ,
909 2832 1047 2902 Depoenb,
1101 2849 1148 2903 ea,
1163 2849 1243 2905 qaam
1261 2832 1378 2903 bongeias
1404 2831 1514 2888 edocuit
1533 2831 1683 2899 Eicinimn;
1709 2843 1737 2888 et
1752 2831 1828 2888 ualde
1838 2845 1891 2900 qum·

248 2911 276 2958 et
290 2917 323 2958 ex
337 2903 353 2957 l.
370 2904 395 2971 l,
418 2849 449 2960 Si
463 2903 591 2974 petitionis
605 2905 690 2961 socius
710 2904 763 2958 sine
784 2905 883 2960 beredo
905 2903 1050 2976 defecerit:
1102 2905 1191 2962 babile
1202 2915 1262 2971 est,
1278 2904 1351 2958 illam
1363 2919 1379 2959 a
1389 2901 1559 2959 Constantini
1584 2903 1716 2960 militibus
1738 2919 1809 2970 saepe
1819 2914 1890 2958 :aratra

247 2989 361 3044 quarum
372 2976 457 3046 prium
483 2976 544 3031 data
560 2974 659 3033 dicitur
677 2972 832 3040 Cabillono,
849 2975 933 3031 altera
955 2974 1050 3031 batio-
1102 2977 1185 3033 basse
1197 2976 1336 3033 recitatam
1348 3018 1355 3043 ‚
1369 2989 1432 3030 eum
1445 2990 1480 3031 ex
1497 2975 1568 3030 libro
1581 2975 1749 3031 maronae
1762 2973 1818 3030 loa
1838 2975 1890 3044 ejrrs

247 3045 326 3113 etate,
350 3057 462 3117 atraque
477 3046 511 3102 ta
533 3045 588 3104 kal.
616 3046 701 3118 April.
728 3047 906 3103 Constantino
928 3047 997 3118 Aug.
1022 3060 1050 3101 ru
1101 3065 1161 3117 cap.
1176 3047 1195 3102 4
1210 3057 1237 3104 ει
1251 3046 1286 3102 li
1299 3056 1422 3113 constet,
1448 3062 1510 3101 eam
1526 3061 1622 3117 preces
1645 3061 1755 3117 semper
1768 3047 1800 3102 ad
1816 3047 1890 3101 beram

246 3128 274 3173 et
297 3118 402 3177 Licinio
421 3134 467 3187 ru,
484 3118 650 3176 corrsulibus.
675 3116 721 3173 tir
745 3118 917 3176 doctissimus
932 3117 1049 3175 lacobus
1101 3119 1215 3186 lindisse,
1230 3117 1887 3192 antequamadmanusatqaesdpugnamreuiret.

247 3188 429 3247 Gotholredus
442 3191 520 3261 uidit,
535 3190 790 3249 diilicaltatemesse
804 3192 830 3247 in
847 3191 1047 3260 subscriptione
1060 3195 1083 3261 c
1136 3192 1314 3248 Kalendarum
1334 3190 1472 3245 linioram
1494 3190 1550 3245 lloc
1571 3191 1644 3246 enirn
1658 3191 1703 3247 dle
1718 3190 1801 3245 iactas
1813 3189 1889 3244 iurent

247 3263 406 3387 posterioris
417 3264 494 3318 istius
509 3264 585 3334 legis,
602 3272 629 3319 et
648 3272 694 3319 aut
713 3276 772 3318 earn
790 3262 971 3333 proruuntiavit
997 3262 1047 3317 tri·
1099 3262 1696 3331 cesaranaocbrisdoooatmprartdtmns.
1709 3262 1888 3334 anunetiam

267 3332 382 3387 acnuam
397 3348 457 3389 esse
482 3333 596 3398 alcinoo,
619 3336 665 3406 uui
687 3334 836 3403 Orientem,
852 3334 929 3406 cujus
954 3343 1049 3389 vertex
1099 3336 1404 3403 cenomannenses
1429 3332 1506 3389 nobis
1528 3334 1597 3389 diora
1620 3334 1888 3401 srarraoeaonoqua

248 3403 403 3471 Antiochia,
430 3406 549 3471 tenebat,
575 3416 621 3460 aut
648 3406 832 3477 reponendum
864 3422 925 3462 esse
949 3419 1048 3460 nomeu
1101 3408 1283 3463 Diocletianus
1294 3405 1657 3477 deposrritimperium.Nant
1667 3407 1690 3461 sl
1700 3404 1888 3461 kalendisilaiis

247 3475 401 3545 Aratigauiae
417 3491 501 3546 prope
512 3477 602 3543 Stobis
617 3478 644 3531 in
655 3476 822 3546 Macedonia,
836 3493 896 3549 quaa
911 3476 1046 3533 Constaa-
1100 3481 1164 3535 anni
1178 3478 1231 3535 515
1245 3479 1435 3547 complebatur
1447 3491 1535 3532 annus
1558 3487 1671 3531 octavus
1694 3475 1887 3547 nuncupationis

248 3548 406 3610 tiuocessit,
423 3562 484 3601 cara
501 3562 550 3617 pax
562 3550 706 3603 inteream
721 3558 747 3603 et
760 3548 891 3604 Licinium
903 3548 1049 3603 eorrstitata
1100 3551 1258 3617 llarximiui,
1272 3559 1300 3604 at
1311 3550 1349 3603 ait
1364 3548 1518 3604 Lactantius
1532 3591 1538 3615 ,
1552 3548 1735 3604 necessariam
1754 3558 1807 3610 est,
1822 3548 1886 3600 illum

248 3625 291 3673 est
306 3628 365 3686 post
391 3632 506 3689 pungnam
520 3617 702 3675 Cibalensem.
719 3619 772 3677 Sed
789 3619 847 3674 bae
867 3636 921 3675 nou
942 3620 1051 3673 salutat
1101 3631 1286 3692 nraneupatum
1298 3620 1381 3676 luisse
1390 3621 1526 3676 caesarem
1535 3636 1606 3675 annu
1617 3620 1671 3676 505
1680 3618 1802 3676 kalendis
1811 3619 1884 3673 liniis.

248 3686 446 3745 difficultatem.
458 3688 525 3744 Nam
538 3704 646 3758 semper
658 3689 770 3747 dildcile
789 3692 841 3747 erit
854 3692 932 3746 istam
948 3690 1051 3745 discre-
1099 3694 1200 3751 Errant
1214 3707 1279 3765 ergo
1292 3692 1337 3762 qni
1357 3702 1468 3762 putant,
1483 3706 1544 3746 eum
1557 3708 1605 3761 per
1619 3706 1708 3747 annos
1721 3703 1821 3747 tanturn
1833 3703 1886 3758 sep

249 3760 367 3830 paraliam
383 3774 558 3833 eutnpoaere,
570 3776 631 3816 curu
653 3774 757 3817 certum
772 3764 817 3831 sit,
841 3762 1053 3822 Constantinum
1102 3777 1154 3824 tem
1169 3766 1312 3836 imperium
1328 3766 1466 3832 tenuisse,
1486 3772 1514 3818 et
1528 3762 1708 3834 quadriennio
1720 3763 1822 3834 quidem
1833 3758 1885 3814 Cu·

248 3846 302 3886 non
319 3832 502 3903 potuisseuno
518 3832 726 3910 eodemquedie
742 3849 802 3889 esse
827 3834 854 3888 in
869 3832 954 3890 Callia
975 3843 1003 3888 et
1023 3835 1049 3888 in
1101 3852 1207 3904 sarem,
1221 3835 1337 3891 triennio
1352 3836 1501 3903 proprisium
1518 3850 1567 3905 per
1584 3834 1724 3890 Orientem
1741 3834 1828 3889 luisse.
1841 3831 1884 3885 lm·

249 3901 416 3959 Macedonia.
435 3904 551 3959 llursum
568 3902 704 3975 quomodo
728 3902 787 3960 lieri
803 3912 900 3973 potest,
924 3913 952 3959 ut
968 3903 1049 3971 idem,
1101 3910 1204 3981 potavit
1223 3909 1294 3963 enim
1316 3922 1363 3979 per
1388 3920 1475 3962 arrrros
1497 3917 1560 3962 octo
1583 3907 1705 3978 integros
1728 3914 1757 3962 et
1778 3905 1880 3974 aliquam

249 3975 294 4044 qui
322 3973 464 4032 Cabillono
479 3983 507 4032 el
527 3974 679 4037 Aniiocltlae
708 3975 789 4031 luerit
806 3976 840 4031 Η
861 3974 915 4031 kal.
937 3976 1049 4046 Avillio,
1103 3979 1299 4053 partemnoui.

250 4048 345 4103 eodem
368 4064 439 4103 aurm
453 4046 470 4103 8
485 4046 545 4103 idus
567 4048 687 4123 blartias,
703 4046 785 4103 luerit
798 4046 1009 4111 Tiressalonieac,
1025 4056 1053 4103 et
1138 4051 1274 4108 Sioatilic.
1289 4049 1318 4106 ld
1332 4059 1394 4117 est,
1409 4047 1576 4119 liaseutius,
1602 4050 1648 4120 qui
1671 4049 1758 4105 victas
1775 4057 1814 4104 est
1834 4050 1882 4116 ipso

249 4116 409 4191 biduopost,
419 4118 445 4174 id
455 4129 497 4175 est
508 4118 535 4189 6,
545 4121 606 4177 idus
620 4118 739 4184 blartlas,
749 4118 928 4175 llomaelliam
942 4119 965 4173 id
975 4118 1052 4174 colli·
1101 4124 1145 4181 die
1159 4123 1241 4178 natali
1253 4137 1313 4178 sno.

249 4190 320 4259 gitur
339 4204 372 4245 ex
393 4190 635 4258 subscriptionibus
654 4192 672 4245 l.
685 4191 712 4259 l,
725 4190 766 4247 De
787 4190 893 4247 ditionis
906 4189 1011 4263 officiis,
1024 4199 1052 4247 et
1143 4195 1239 4251 locoru
1259 4208 1386 4249 suenum.
1401 4192 1479 4248 Circa
1493 4190 1633 4260 ilesiston‚
1650 4204 1680 4247 ut
1705 4192 1834 4257 diximus,
1848 4188 1882 4241 lo·

250 4259 354 4325 exbb,
369 4260 411 4315 od
426 4260 1052 4335 t.lnttamdentpno.clarianaldemoeinde
1101 4282 1163 4322 oum
1189 4266 1313 4323 Tiaraciae
1339 4265 1410 4320 inter
1433 4263 1654 4331 Hadrianopolim
1675 4275 1705 4320 et
1729 4263 1879 4319 Heracleam.

250 4328 337 4385 idibus
359 4333 527 4403 Septembris
553 4336 674 4408 ejusdem
705 4336 768 4391 anrri
794 4335 948 4393 cerasendus
978 4343 1053 4390 esset
1101 4340 1219 4406 &mnas
1232 4353 1297 4394 sane
1310 4335 1361 4391 bac
1375 4350 1463 4405 qiargaa
1477 4335 1602 4402 illustris,
1617 4350 1678 4405 cquae
1690 4350 1781 4406 pacem
1792 4332 1883 4387 :notua

250 4401 333 4455 55538
358 4403 459 4472 nolim,
484 4414 512 4460 ⁰1
533 4416 611 4464 letio
636 4414 696 4478 post
724 4405 767 4462 dic
782 4406 851 4479 apud
877 4406 1000 4462 Naissum
1024 4406 1050 4461 in
1102 4410 1231 4466 Ecclesiae
1245 4406 1708 4479 peperit.Falliturerqozoaimus,
1725 4410 1769 4479 qai
1783 4416 1879 4475 utinquam

249 4470 340 4552 Dacia.
358 4474 464 4545 Quippe
490 4475 532 4533 lex
577 4480 642 4534 rima
661 4478 698 4533 oe
706 4480 766 4547 jure
791 4480 847 4549 fisci
867 4478 928 4534 data
951 4478 1051 4532 dicitur
1102 4482 1175 4537 illam
1190 4484 1216 4535 iu
1232 4481 1332 4551 illyriis
1347 4486 1490 4549 pugnatam
1506 4486 1591 4549 putat.
1608 4478 1755 4534 liacsuat
1767 4479 1879 4543 elucter-

248 4542 339 4627 idibus
353 4544 522 4613 Septembris
568 4566 647 4616 arnse,
665 4560 697 4604 et
726 4550 770 4604 len
795 4550 880 4621 prima
901 4548 938 4603 De
959 4547 1135 4642 Canto-Dba
1153 4570 1161 4608 ε
1176 4550 1462 4607 Belliacioilrbaaintcr
1480 4548 1879 4625 Liciniumetiloaimionanoq·

249 4630 331 4697 unctas
343 4614 377 4669 lt
400 4614 456 4671 bat.
480 4616 605 4675 Octobris
623 4618 728 4675 Naisso.
751 4620 871 4690 lienique
886 4620 957 4674 idem
977 4617 1048 4673 Cou-
1103 4625 1203 4689 cursis,
1217 4625 1320 4693 ooriqne
1332 4624 1400 4693 {octo
1413 4620 1540 4693 procliuia
1562 4620 1682 4694 lllpriis,
1698 4621 1730 4676 od
1747 4621 1816 4675 initio
1835 4631 1880 4686 ott·

251 4695 396 4751 statamus,
410 4687 433 4741 si
459 4686 516 4743 bec
541 4690 631 4761 regala
656 4700 729 4745 certa
754 4702 838 4758 esset,
863 4688 957 4746 luisset
976 4704 1049 4745 aaaron
1102 4694 1160 4749 dem
1169 4696 1287 4764 superori
1296 4696 1364 4749 aises
1376 4703 1413 4748 est
1435 4691 1572 4749 Licinius:
1587 4691 1878 4762 sedconieatintredinte-

220 4794 224 4801 -
248 4758 372 4828 sequenti
388 4757 423 4812 ta
445 4756 500 4815 kal.
526 4760 610 4816 lisias
629 4760 758 4830 Serdica,
775 4761 868 4817 Rome
894 4775 959 4815 nero
983 4760 1048 4830 ipsis
1101 4775 1176 4838 prata
1187 4783 1293 4837 pupae,
1309 4765 1537 4821 Moairuioanmin
1551 4764 1639 4836 lupam
1654 4766 1737 4819 certio.
1859 4826 1864 4837 ,

246 4816 371 4885 kalendis
386 4829 471 4899 liniis,
486 4831 555 4887 intra
571 4834 686 4903 spatium
697 4833 800 4889 dierum
818 4832 1046 4898 duodecim,oum
1136 4837 1236 4893 Terina.
1257 4836 1375 4892 llrarum
1398 4835 1481 4893 luisse
1502 4836 1635 4892 Licinium
1658 4827 1877 4897 multisencmplts

249 4900 277 4955 id
288 4900 376 4972 colligi
402 4902 486 4972 possit
506 4916 539 4958 ex
564 4904 804 4971 sralrscriptlnnibus
827 4904 846 4961 l.
874 4906 892 4960 E
919 4912 946 4959 et
967 4905 984 4959 5
1009 4903 1048 4960 be
1101 4910 1197 4978 probat
1211 4908 1344 4965 Eusebius
1358 4908 1404 4963 lib.
1419 4922 1429 4963 t
1447 4908 1481 4963 de
1504 4909 1561 4963 lita
1582 4905 1752 4964 Constantini
1774 4895 1874 4981 ειμ55·

248 4972 442 5029 donationibus.
457 4973 571 5030 Possem
590 4984 618 5030 et
638 4974 689 5029 alia
713 4977 837 5049 exempla
861 4975 962 5033 aflerri.
990 4974 1046 5032 Sed
1099 4980 1290 5051 Fragmentum
1309 4979 1344 5035 de
1366 4978 1526 5035 Constantlo
1547 4979 1649 5034 Clrlaro
1664 4994 1725 5051 pag.
1738 4975 1789 5032 tto
1802 4992 1808 5029 :
1820 4971 1876 5025 ber·

248 5042 299 5099 ista
314 5042 461 5100 sufiiciunt.
486 5044 563 5101 Unde
589 5045 680 5117 colligi
704 5046 794 5116 debat,
820 5048 845 5104 id
870 5047 942 5119 quand
964 5060 1044 5101 antea
1099 5054 1158 5108 ains
1175 5054 1278 5118 scelere,
1291 5052 1408 5117 auaritia,
1424 5050 1582 5119 erudelitate,
1594 5050 1702 5106 libidine
1714 5046 1832 5105 seniebat.

248 5113 416 5185 dicebamus,
433 5130 467 5173 aa
481 5116 723 5187 subscriptionibus
738 5118 825 5191 legum
841 5120 942 5176 codicis
953 5118 1052 5175 Tiren-
1377 5142 1491 5200 cppuq
1505 5140 1611 5199 mn·

249 5184 355 5243 drusiani
371 5187 438 5243 nibil
455 5188 544 5260 colligi
561 5203 641 5258 posse
655 5190 721 5245 certi
737 5190 769 5245 ad
784 5191 913 5261 signanda
931 5191 1001 5257 loca,
1019 5190 1045 5244 in
1867 5246 1871 5258 ,

247 5257 347 5327 quibus
373 5258 566 5315 Consuminns
593 5259 724 5315 babitavit
752 5276 801 5333 per
827 5264 901 5319 varia
924 5271 1046 5332 tempora
1134 5261 1204 5317 Deae
1223 5276 1347 5316 seminus.
1365 5260 1520 5333 llartyrium
1545 5258 1631 5316 macti
1654 5255 1753 5314 Basilei
1771 5254 1875 5329 eoisooll

246 5327 354 5409 imperii
373 5332 429 5397 sai;
443 5331 564 5403 adeoque
589 5332 695 5388 intirma
719 5348 779 5389 esse
793 5342 960 5406 argurnenta,
985 5346 1047 5405 quae
1098 5336 1244 5393 amaseae:
1272 5332 1386 5386 Licinius
1407 5333 1487 5402 ipitar
1499 5333 1670 5401 omnipotente
1692 5328 1795 5385 Domini
1809 5330 1875 5378 anuo

246 5402 298 5454 vrri
312 5401 460 5457 doctissimi
473 5401 535 5457 hinc
546 5411 730 5476 sumpserunt,
745 5406 778 5459 ad
801 5404 1000 5461 confirmandas
1019 5415 1048 5462 et
1098 5406 1269 5462 deanbristi
1280 5420 1357 5459 arona
1368 5403 1485 5475 odierna,
1498 5404 1631 5458 aimonem
1653 5402 1686 5456 de
1697 5398 1873 5457 boemano·

247 5472 476 5530 constabiliendae
488 5474 657 5545 cornicetums
668 5490 731 5533 snas
740 5475 891 5533 historicas.
1099 5478 1219 5550 portauit.

245 5542 325 5605 tbAd
336 5545 484 5616 injucundi
496 5562 580 5601 aaaron.
604 5544 634 5601 la
659 5547 744 5605 reteri
768 5548 862 5605 codice
888 5548 993 5619 legitur,
1011 5548 1045 5602 nd
1134 5549 1245 5619 Sumpta
1263 5557 1329 5603 noste
1346 5545 1443 5601 sacili.
1459 5543 1607 5601 minorant
1622 5544 1693 5600 bane
1714 5540 1872 5600 narrationem

247 5612 395 5686 bnjnsnaodi
415 5632 494 5673 couno
506 5616 607 5672 Licinio
621 5617 750 5675 collocati.
770 5618 867 5675 Nostra
892 5621 1046 5676 errrendatio
1099 5618 1234 5677 Eusebius
1255 5620 1302 5675 lib.
1324 5634 1352 5675 ιιι
1376 5618 1445 5673 illst.
1464 5619 1573 5686 eccles,
1590 5632 1651 5688 cap.
1673 5616 1709 5672 to
1729 5626 1755 5673 et
1771 5614 1830 5669 libr
1846 5604 1873 5660 dt

247 5682 384 5741 bonaest.
413 5686 447 5742 Et
464 5691 576 5757 saracin
603 5690 720 5763 antiquis
745 5690 884 5747 codicibus
909 5692 1045 5761 reperitur
1097 5692 1158 5747 lllta
1172 5690 1342 5747 Constantini
1355 5704 1416 5757 cap.
1430 5689 1475 5745 58.

248 5764 377 5835 scriptum
398 5774 476 5813 cansa
502 5774 550 5827 pro
574 5778 659 5831 casus,
687 5772 715 5818 at
730 5762 800 5835 apud
823 5762 852 5821 S.
872 5762 1043 5818 Ambrosium
1133 5762 1242 5824 dicatam
1253 5763 1363 5836 trajecit.
1378 5761 1530 5831 Pugnatum
1544 5769 1587 5817 est
1605 5759 1688 5830 igilur
1712 5760 1739 5815 in
1760 5770 1789 5813 ea
1811 5752 1871 5817 billi

246 5836 325 5897 epist.
343 5828 396 5883 lo:
414 5828 447 5885 ln
461 5841 553 5886 rarorum
563 5849 638 5890 casas
653 5844 701 5905 est,
718 5836 744 5890 in
758 5836 879 5892 eloctione
888 5834 1042 5909 ju‘dieirnu:
1097 5835 1219 5907 imperii,
1235 5850 1316 5907 qaam
1329 5834 1449 5892 Licinius
1463 5832 1574 5891 tenebat
1586 5874 1593 5903 ‚
1607 5832 1634 5888 id
1653 5840 1715 5906 est,
1729 5833 1793 5890 iatcr
1802 5823 1870 5880 flor*
