4017 6350
247 309 303 372 835
906 297 1077 362 STEPHANI
1096 294 1234 356 eatbztt
1740 355 1744 362 .
1846 301 1897 361 536

247 445 263 486 a
277 429 423 492 Maxentio,
445 421 569 498 quamvis
595 435 673 479 socer
695 419 754 494 cius
777 430 860 487 esset,
876 421 959 475 bomo
973 433 1044 474 non-
1056 418 1083 479 Λ
1095 416 1147 472 boe
1162 416 1233 471 libro
1246 413 1389 476 lactantii,
1404 427 1430 470 c.
1459 413 1505 482 rs,
1520 413 1602 470 docet
1614 429 1645 472 se
1656 429 1693 472 eo
1706 421 1895 488 temporeque
1979 452 1980 475 ι

247 517 329 573 qrram
341 502 410 556 hene
432 499 501 553 iuter
514 509 562 553 eos
574 494 745 559 convenisse,
761 495 843 546 etiam
858 495 967 548 vivente
983 493 1045 546 Dic-
1098 487 1292 544 Diocletiamrm
1315 485 1471 558 impellebat
1495 487 1531 541 ad
1552 487 1765 548 abdicatorem.
1779 492 1834 560 jann
1848 507 1895 562 per

249 573 377 638 cletiano,
388 570 521 626 etbellum
531 569 601 624 inter
614 581 662 622 eos
672 563 951 636 luissegravissimum
964 577 997 618 ex
1011 575 1047 618 cc
1097 573 1183 615 annos
1193 558 1347 629 quindecim
1356 559 1383 613 iu
1394 557 1545 630 lllyrlccad
1554 560 1641 630 ripam
1652 560 1768 616 Danubii
1780 563 1893 619 locasse

249 655 371 714 tempore
381 655 434 712 orto
444 639 592 696 llaxentins
605 640 720 708 sumpsit
738 649 897 708 purpuram,
911 649 997 706 usque
1011 632 1046 688 ad
1096 645 1158 688 eum
1173 631 1300 701 gentibus
1312 629 1446 695 barbaris,
1465 630 1575 684 interint
1590 631 1655 685 dum
1667 632 1714 686 alii
1727 633 1799 687 intra
1812 635 1894 688 taxin-

250 716 391 786 imperiunt
402 711 508 768 Licinii.
1097 717 1141 758 res
1151 712 1179 756 ct
1191 700 1566 784 quietioresnterrasdelieate
1577 701 1752 772 imperarent.
1771 703 1893 760 Profecto

286 781 548 841 Prioremnominori.
558 781 657 852 Supra,
671 795 698 836 c.
710 780 755 843 tt,
770 777 893 835 Galerius
908 776 1047 832 llarimia·
1097 776 1120 828 si
1133 787 1219 828 annos
1233 789 1292 837 sex.
1303 772 1403 842 cuibus
1415 772 1462 828 ille
1482 772 1677 842 rempublicam
1697 775 1893 832 adminiararit

250 873 300 914 nris
311 857 449 926 alloquens
461 853 654 909 Diocletianum
667 853 724 906 ait:
739 851 770 906 Si
781 851 835 921 ipse
846 851 934 904 redae
948 848 1047 902 noluit-
1097 855 1159 915 post
1186 859 1324 900 secessim
1351 842 1523 909 Diocletiani,
1538 842 1623 900 addas
1636 844 1670 900 ad
1684 846 1836 915 quintlcdm
1846 850 1891 919 orti

249 938 295 992 set,
305 944 338 982 ac
348 927 394 981 sihi
406 926 594 989 eorrsulturttm,
610 941 642 978 ne
655 923 766 992 amplius
783 922 867 975 minor
882 931 905 975 et
919 930 1047 975 extremus
1098 915 1330 972 ctilurerantcum
1345 914 1404 971 brec
1417 914 1605 972 dicebantura
1621 915 1793 982 barroniano,
1807 922 1892 974 mani-

250 1009 324 1054 vrret.
340 997 482 1060 Dttsebius,
499 996 525 1051 iu
542 995 611 1050 libro
627 996 714 1065 primo
741 997 775 1048 de
791 993 849 1046 llita
865 991 1044 1056 Constantini,
1097 987 1264 1044 levtnrmerit
1284 988 1360 1042 illurn
1380 994 1517 1067 mortuum
1542 999 1605 1042 csse
1621 989 1891 1060 abmmoprirrreim-

248 1086 274 1127 c.
288 1071 333 1136 ld,
358 1070 396 1124 ait
408 1067 608 1126 Constantium.
623 1081 683 1121 curn
696 1066 818 1120 seniores
832 1064 944 1133 hugnsti
960 1064 1048 1132 impe
1098 1060 1161 1129 perii
1175 1060 1216 1113 rui
1230 1075 1309 1123 cano,
1327 1067 1356 1112 ut
1379 1058 1477 1126 iegitur
1489 1057 1517 1112 in
1535 1058 1649 1128 vulgatis
1662 1060 1824 1117 editionibus
1838 1064 1892 1118 Eu-

251 1143 292 1197 rio
314 1157 344 1196 se
360 1140 541 1204 abdicassent,
565 1138 681 1208 primum
695 1139 844 1206 hugrrstnm
865 1137 1047 1190 renuntiatum
1097 1131 1201 1186 subiani
1229 1130 1367 1186 chronici.
1401 1129 1561 1197 Qttannnam
1593 1133 1619 1184 in
1653 1133 1835 1188 uetustissimo
1865 1146 1892 1189 ct

249 1228 321 1280 esse,
330 1223 356 1267 et
369 1211 483 1277 priuatim
496 1211 645 1279 augustum
659 1211 821 1278 appellatum
837 1207 906 1261 iotm
919 1215 1046 1275 quatuor,
1098 1203 1203 1270 optimo
1216 1202 1310 1258 codice
1329 1215 1381 1256 rus.
1395 1200 1566 1256 bibliothece
1579 1199 1755 1270 colbertinae,
1768 1217 1796 1259 et
1808 1206 1835 1260 in
1846 1221 1891 1259 va·

250 1286 297 1355 nui
309 1281 477 1354 postmodum
491 1281 623 1350 designati
650 1292 722 1334 sitttl.
750 1279 820 1332 ldem
836 1291 945 1347 scurper
957 1277 1048 1346 priore
1098 1273 1146 1328 riis
1159 1274 1276 1344 antiquis
1290 1269 1493 1341 exemplaribus
1507 1287 1568 1342 quae
1592 1271 1726 1329 Pontacus
1741 1284 1853 1331 testator
1862 1292 1891 1334 sc

250 1357 312 1410 loco
327 1354 480 1409 norninatur
492 1351 520 1406 io
535 1351 623 1406 Fastis
643 1351 768 1406 ldatiauis
784 1365 798 1404 a
813 1349 932 1414 thnimo,
949 1345 1049 1401 Eutro-
1098 1345 1197 1400 vidisse
1213 1345 1272 1400 lano
1287 1351 1390 1398 tantum
1414 1343 1541 1413 leguntur
1554 1361 1561 1396 ε
1574 1342 1697 1400 Galenus
1720 1345 1891 1404 uranicam

250 1426 348 1494 pio,iu
371 1425 464 1479 codiee
489 1422 642 1484 lastiniani,
660 1425 686 1476 in
710 1424 795 1475 ueteri
824 1417 1048 1488 inseriptionede
1098 1416 1343 1478 montaniacum,
1361 1428 1468 1469 cumea
1488 1415 1685 1472 sitauctoritas
1708 1416 1890 1484 Latctaotii,nt

251 1496 456 1552 consecratione
469 1493 647 1550 Thermarum
662 1494 899 1555 Diocletiaaarum,
915 1501 943 1545 et
957 1492 982 1544 in
998 1490 1048 1543 ali·
1098 1489 1124 1542 ei
1134 1487 1282 1545 contradici
1297 1501 1350 1541 non
1370 1487 1463 1556 possit,
1479 1495 1507 1542 et
1522 1486 1649 1542 burellus
1675 1487 1768 1545 llietor
1793 1493 1889 1546 scribat

251 1577 317 1639 print
342 1566 403 1622 aliis
418 1564 650 1635 inscriptionibus,
662 1579 723 1633 ‹ptrm
746 1564 816 1632 apud
843 1561 984 1618 Crrrterum
1010 1561 1049 1616 le·
1099 1557 1237 1613 Galerium
1249 1559 1395 1627 potentiam
1405 1558 1616 1614 (itesarisanuos
1627 1559 1757 1617 tredecim
1767 1567 1887 1633 gessisse,

250 1648 360 1708 giratur,
378 1653 437 1708 pag.
452 1636 497 1701 58,
513 1634 573 1702 l59,
590 1635 652 1701 tol,
666 1635 799 1702 rotata,
812 1633 892 1690 ibba.
912 1633 944 1687 lit
957 1643 1047 1687 tamen
1100 1629 1241 1700 imperium
1255 1630 1451 1700 qrriunuennio,
1465 1637 1521 1684 tum
1536 1629 1683 1701 Eutropius
1703 1634 1731 1686 in
1743 1635 1820 1688 initio
1832 1635 1888 1689 libri

250 1709 340 1765 AElius
353 1709 510 1779 Spartianus
524 1709 549 1762 ia
565 1706 637 1761 AElin
655 1707 734 1772 l'cro,
750 1716 777 1762 ct
793 1705 900 1759 Flavius
917 1703 1049 1772 vopiscos
1100 1703 1175 1766 noui,
1187 1711 1215 1758 et
1226 1711 1321 1755 auctor
1329 1700 1456 1755 tiltroniei
1464 1699 1649 1765 blexartdmnl,
1665 1716 1692 1773 p.
1705 1702 1769 1768 cst,
1782 1706 1888 1761 doceant

250 1785 278 1836 ia
290 1780 398 1846 Carino,
410 1779 546 1836 Galerium
557 1777 745 1834 Maximianum
760 1777 901 1831 nominant
911 1775 1050 1830 antcCon·
1064 1807 1089 1867 Β
1101 1773 1306 1839 carrrstantinm,
1332 1772 1379 1842 otti
1397 1770 1490 1826 Caesar
1511 1787 1572 1826 ctam
1606 1771 1717 1829 Galerio
1742 1775 1825 1832 lamus
1839 1789 1885 1841 est,

249 1854 388 1915 stantium,
401 1860 430 1906 ct
454 1850 480 1905 id
506 1849 615 1919 nitidem
645 1860 766 1920 tempore
787 1847 955 1902 Diocletiani.
977 1846 1050 1902 Sarte
1101 1843 1518 1909 obiisseEboraciiuBritannia,
1532 1844 1888 1918 artnodecimotertiopriu·

249 1922 543 1995 mqrtrrmvidebaturut
555 1923 577 1975 is
592 1922 636 1988 nrri
648 1919 825 1988 adoptabatur
839 1935 854 1972 a
870 1917 1046 1985 Diocletiano,
1101 1915 1207 1984 cipatns
1221 1915 1273 1975 stri.
1292 1917 1317 1968 in
1346 1913 1497 1984 lrag'rrteutn
1520 1925 1650 1982 praeterea
1677 1916 1714 1972 de
1738 1917 1887 1974 &nstantia

249 2007 276 2051 et
289 1997 334 2067 qui
352 1996 431 2050 hlium
446 1993 505 2065 ejus
517 1992 653 2048 Valeriam
668 1992 783 2047 babebat
794 2004 916 2055 uxorem,
931 1989 1049 2058 priorem
1100 1986 1248 2056 Cltlorn,p.
1260 1985 1436 2056 indagatur
1446 1985 1582 2042 Galerium
1594 1988 1743 2056 imperasse
1756 1992 1831 2046 annis
1843 2007 1887 2046 no·

251 2067 339 2122 locum
356 2064 469 2120 ltultnret
494 2078 574 2132 supra
593 2078 655 2116 eum
680 2063 725 2132 qui
745 2061 949 2132 ardttptabatura
966 2059 1051 2114 blaxi-
1101 2059 1262 2123 remdecim,
1277 2072 1389 2112 neccsse
1402 2069 1444 2113 est
1465 2067 1494 2110 ut
1509 2059 1536 2112 in
1547 2074 1607 2113 cam
1621 2064 1782 2116 sententiam
1803 2078 1887 2118 ιιιιιι

249 2140 351 2203 titiano,
367 2137 477 2191 secundi
491 2136 545 2189 loci
560 2135 689 2204 principe.
699 2134 808 2199 Corinna,
824 2131 920 2186 rationi
935 2145 1051 2186 conseo-
1100 2128 1207 2195 damus,
1223 2145 1284 2199 qnam
1296 2129 1442 2198 potentiam
1456 2129 1515 2196 ejrts
1530 2132 1598 2184 iutra
1614 2133 1799 2188 novemdecim
1810 2149 1884 2188 annm

249 2223 356 2264 tanetum
375 2217 433 2262 crat
462 2214 491 2260 ut
511 2207 552 2259 vir
575 2220 679 2275 magnae
703 2204 851 2258 nobilitatis
866 2243 874 2270 ‚
896 2203 1049 2272 ettiusmotli
1100 2209 1218 2265 coerect,
1233 2210 1260 2254 et
1274 2201 1427 2270 quindecim
1442 2200 1502 2254 illos
1514 2217 1599 2256 antius
1610 2217 1659 2268 per
1674 2218 1742 2271 nuos
1754 2220 1814 2258 cum
1826 2221 1885 2274 gen·

248 2290 306 2336 erat
324 2278 512 2343 Constantius,
531 2291 584 2330 noa
599 2283 806 2346 postponeretur
822 2275 922 2327 lnorttini
936 2274 1048 2342 agresti,
1101 2271 1172 2325 tlbus
1184 2272 1305 2326 barbaris
1320 2274 1439 2333 luctavit,
1453 2275 1663 2342 interpretemur
1673 2276 1770 2342 purtim
1785 2277 1819 2332 de
1831 2277 1884 2332 bel-

249 2352 350 2420 pastori
365 2363 503 2420 pecorum,
520 2355 600 2416 abpue
623 2347 697 2401 ilhtnt
712 2355 772 2415 post
785 2359 815 2399 se
832 2343 944 2398 haberet
955 2347 980 2397 in
1001 2345 1050 2398 ad·
1100 2343 1133 2396 lis
1147 2359 1207 2412 quim
1223 2344 1278 2398 illic
1290 2345 1375 2413 gessit
1386 2359 1448 2397 euru
1463 2342 1552 2397 arlhrrc
1570 2343 1691 2412 privatus
1704 2356 1785 2415 cssct,
1798 2350 1884 2417 partim

247 2419 447 2478 ministratione
467 2419 630 2488 reipublicae.
649 2417 707 2486 Ego
721 2416 884 2472 crediderim
912 2416 1049 2484 Spartiaui
1101 2427 1241 2484 postquam
1255 2415 1348 2469 Caesar
1363 2416 1447 2468 taetris
1462 2423 1514 2474 est,
1528 2424 1555 2469 et
1570 2415 1644 2470 initia
1656 2417 1821 2488 principatus
1833 2421 1885 2486 eius

247 2504 275 2550 et
294 2491 405 2562 Vortiscl
427 2491 581 2547 testimonia
610 2489 794 2560 postponenda
809 2502 869 2542 esse
894 2487 1049 2543 auctoritati
1099 2499 1260 2541 revincemus
1274 2486 1307 2539 ad
1322 2485 1453 2540 lalcttdas
1466 2488 1576 2541 martias
1595 2489 1659 2541 anni
1673 2487 1738 2548 293.
1755 2500 1784 2544 ut
1795 2492 1831 2545 sic
1842 2506 1885 2558 per

247 2574 369 2620 veterum
396 2563 613 2632 inscriptionum,
632 2572 660 2615 ct
686 2575 779 2614 cortrm
795 2569 933 2612 auctorum
949 2559 994 2628 otti
1008 2559 1049 2614 di·
1099 2571 1185 2612 aunos
1197 2559 1248 2613 lib
1257 2556 1440 2612 Gaesarluissc
1449 2557 1503 2612 dici
1514 2561 1598 2626 possit
1609 2575 1680 2613 :tarro
1691 2559 1754 2629 ati,
1766 2577 1817 2632 quo
1829 2563 1885 2618 bio·

248 2645 321 2691 serre
347 2636 424 2688 aium
446 2633 560 2703 priruum
583 2632 670 2685 lnctrnt
686 2632 778 2684 riattrm
791 2643 850 2684 esse
869 2629 1047 2690 Constantio:
1098 2629 1230 2684 cletianus
1242 2628 1369 2698 deposuit
1384 2629 1538 2698 imperium.

251 2707 401 2778 pracsertim
412 2719 472 2758 curn
485 2705 501 2758 ii
514 2706 559 2774 pati
569 2703 642 2757 illum
657 2701 763 2757 Galerio
778 2701 898 2756 tribuunt
909 2716 962 2755 rton
977 2714 1048 2757 trac·
1133 2699 1234 2755 Cerere
1245 2703 1299 2768 tilio
1312 2715 1369 2754 ruo.
1384 2698 1495 2762 Galerii.
1511 2710 1542 2755 ut
1554 2701 1663 2771 opinor,
1679 2701 1759 2769 iutra,
1772 2718 1829 2773 cap.
1841 2703 1882 2769 55,

248 2779 364 2834 taveriut
379 2777 447 2840 lianc
465 2774 604 2829 historiam
619 2790 651 2827 ex
667 2775 803 2844 prolesso,
830 2773 877 2828 sed
905 2787 954 2843 per
973 2783 1047 2828 tran·
1098 2773 1283 2826 commendatis
1304 2770 1405 2825 Licinio
1426 2772 1536 2844 ronjrtpc
1559 2789 1606 2827 ruo
1629 2785 1653 2827 et
1676 2775 1743 2842 filio.
1768 2775 1883 2844 Nuspiam

247 2865 359 2905 aetitiam
371 2857 398 2902 et
408 2845 480 2900 aliud
503 2854 623 2916 agentes.
636 2845 713 2912 Qttod
724 2845 803 2900 etiam
812 2845 953 2898 dicendum
965 2845 1048 2900 estdc
1097 2843 1160 2897 alibi
1177 2844 1290 2914 legimus
1309 2841 1417 2898 Galerio
1428 2842 1512 2898 illium
1528 2843 1620 2900 tants-e.
1631 2846 1702 2900 Sane
1713 2846 1736 2900 si
1747 2847 1881 2910 habuisset,

245 2932 356 2976 atretorc
371 2920 432 2972 viba
447 2919 531 2972 soracti
549 2917 670 2984 l‘rocopii
699 2916 837 2986 martyris,
852 2930 911 2985 quac
932 2915 1048 2970 babetur
1097 2929 1131 2969 ex
1145 2915 1234 2983 priore
1247 2928 1332 2968 tinore
1351 2912 1501 2970 habuisset.
1516 2914 1576 2982 Quo
1592 2931 1657 2971 casu
1680 2917 1800 2972 (imanes
1824 2920 1880 2973 oum

245 2995 273 3047 in
289 3001 362 3048 tomo
372 2997 471 3059 nuorto
484 2988 566 3050 Sutrii,
582 2988 627 3045 uhi
636 2987 761 3044 Galerius
773 2989 860 3056 primo
875 2989 936 3042 loco
958 2988 1047 3042 nomi·
1097 2994 1172 3041 extra
1185 3001 1260 3041 suam
1274 2985 1401 3039 latritiliam
1412 3001 1466 3040 non
1476 2988 1628 3056 quaesiisset
1639 3005 1647 3042 r
1660 2990 1707 3042 scd
1722 2989 1879 3045 liliomsunm

246 3071 398 3118 naturante
410 3060 609 3116 Constantium.
1098 3058 1187 3123 primo
1206 3058 1301 3112 saltem
1317 3058 1377 3111 loco
1394 3057 1572 3114 nominasset.
1589 3060 1627 3113 Ex
1647 3059 1755 3116 tarenta
1778 3077 1827 3114 riou
1841 3063 1881 3113 ha-

281 3137 303 3189 Α
317 3135 407 3190 tribua.
421 3131 449 3188 ld
457 3143 510 3199 est,
525 3147 539 3186 n
554 3130 673 3192 Galerio,
685 3131 787 3187 Severo
800 3129 989 3186 ctllaxlmino.
1097 3128 1164 3183 buit.
1179 3127 1287 3185 sterilis
1300 3128 1373 3183 enim
1390 3127 1450 3195 luit,
1465 3137 1494 3183 ut
1508 3129 1589 3186 docet
1607 3130 1676 3186 intra
1696 3130 1842 3187 Lactantius
1857 3132 1879 3185 iu

282 3206 410 3261 Liciniam
433 3220 458 3258 r.
475 3220 498 3257 c.
513 3205 633 3257 criticum.
648 3202 721 3259 ldem
737 3202 819 3258 tradit
843 3203 981 3268 Socrates,
994 3204 1011 3255 l.
1023 3218 1043 3271 r,
1058 3198 1082 3265 C
1098 3202 1186 3271 eapite
1198 3201 1432 3271 nrrinnrragesimo.
1454 3200 1517 3255 liae
1538 3202 1628 3271 itaque
1646 3203 1815 3274 intelligenda
1828 3212 1879 3258 snam

245 3296 272 3333 c.
290 3279 319 3345 ι,
332 3278 376 3331 ulti
391 3277 428 3330 ait
441 3274 576 3330 Galerium
602 3274 792 3329 blaxiutinumn
813 3273 914 3329 abiisse
938 3288 954 3328 e
974 3274 1040 3343 vita,
1097 3273 1132 3327 de
1146 3272 1330 3335 Cattdidiaao,
1346 3272 1392 3341 nui
1410 3272 1566 3342 paulopost
1584 3273 1749 3340 nominatur,
1763 3285 1790 3329 et
1809 3288 1877 3345 quern

177 3362 182 3371 ·
245 3364 308 3403 cunt
332 3347 463 3403 Licinium
488 3346 562 3414 prius
587 3348 778 3414 imperatorum
796 3344 954 3411 creavisset,
972 3356 1046 3400 vete-
1096 3343 1254 3400 Lactantius
1277 3344 1347 3398 iutra
1372 3345 1400 3397 in
1428 3345 1524 3400 cortem
1555 3346 1643 3415 capite
1670 3347 1878 3415 quinquagesimo

246 3434 304 3475 reru
317 3420 445 3483 amicum,
461 3429 490 3471 ct
504 3417 724 3472 contubernalem
748 3432 837 3483 suunt,
852 3418 897 3487 qtti
911 3430 943 3473 ex
962 3417 1044 3473 Dacia

245 3498 305 3547 crat
316 3488 455 3545 oriundus.

283 3560 326 3615 Ne
335 3560 419 3629 filium
430 3560 583 3613 nominaret.
599 3557 656 3628 Ego
677 3557 796 3613 arbitror
807 3558 879 3615 hunc
893 3558 1006 3614 istorum
1015 3569 1044 3616 et

245 3632 419 3701 sentientium
444 3629 588 3685 verborum
613 3644 724 3684 sensum
740 3642 811 3684 esse.
826 3629 893 3683 Cum
919 3629 1044 3687 Galerius

245 3704 376 3757 Licinium
393 3700 505 3756 halterct
515 3710 632 3755 veterem
646 3700 762 3755 atnicrtm
775 3709 802 3753 et
811 3701 1041 3770 contubernalem,

245 3775 340 3829 borium
366 3772 472 3837 utilitia,
485 3781 515 3826 ut
526 3769 610 3826 Taciti
631 3772 713 3827 rerlto
728 3780 797 3833 tttar,
825 3780 847 3824 et
874 3773 986 3826 uictoriae
998 3789 1042 3827 ro·

245 3847 326 3912 ciunt,
354 3844 432 3913 cujus
453 3842 573 3899 cnttsiliis
597 3842 630 3896 ad
658 3842 747 3896 omnia
771 3842 887 3913 regendo
904 3842 1041 3909 ruebatur,

245 3918 332 3971 ttolrrit
346 3928 436 3971 tamen
464 3914 538 3970 illum
565 3916 654 3969 lacere
668 3912 814 3977 Caesarenu,
833 3926 866 3966 ue
882 3912 965 3966 hlium
978 3930 1041 3969 erim

245 3990 408 4054 nominaret,
421 4000 482 4043 curru
502 4000 556 4056 quio
569 3999 617 4055 per
638 3997 747 4037 onlnem
759 3984 839 4037 vitam
851 3984 953 4039 vixerat
968 3985 1041 4041 velrtt

245 4060 329 4115 irater
346 4078 352 4112 ε
369 4059 416 4113 sed
429 4058 564 4114 destinata
585 4056 610 4109 iu
634 4054 865 4137 lurtguutjaoietts,
880 4070 941 4109 erint
958 4057 983 4109 in
999 4058 1040 4111 lo·

243 4146 305 4185 cram
318 4130 535 4193 Constantianus
549 4128 621 4182 brevi
634 4127 767 4191 moritura,
780 4134 826 4180 ant
837 4134 911 4182 certe
926 4142 973 4197 pcr
983 4129 1038 4184 viru

244 4200 417 4266 deturbandi,
437 4202 601 4255 sultstitucre
625 4198 770 4268 cogitabat,
786 4206 815 4251 nt
834 4198 872 4251 sie
889 4204 1038 4269 trigonum

244 4282 272 4327 ct
287 4275 395 4327 tratrem
412 4279 589 4341 nuncuparet.
606 4270 672 4325 Nam
689 4272 733 4340 qtri
759 4270 858 4324 liebaut
870 4268 990 4326 Cesarea
1011 4274 1037 4327 in

244 4342 363 4396 illiorum
377 4356 518 4398 numerum
533 4341 686 4405 ueniebant,
701 4350 729 4396 ct
742 4340 788 4395 lllii
804 4345 983 4411 hugrtstorum
995 4345 1038 4399 oi-

244 4414 384 4469 cchautur.
398 4412 448 4481 Qnt
472 4428 536 4471 vero
561 4413 784 4481 nrtncupabautur
811 4414 921 4483 dragusti
940 4413 1037 4471 iratres

245 4486 439 4553 imperatorum
470 4484 685 4553 appellabantur,
701 4491 730 4537 ut
754 4498 835 4554 supra
859 4483 975 4539 violatus
1001 4487 1036 4543 de

245 4554 409 4611 Memmiana
431 4552 565 4609 llerculin.

1095 3424 1207 3470 aunrrtm
1233 3431 1268 3470 ex
1296 3414 1446 3470 concubina
1473 3425 1582 3478 uatrtm,
1611 3432 1627 3470 a
1656 3416 1764 3472 Valeria
1789 3416 1876 3473 Galerii

1095 3501 1180 3542 urcrc
1193 3488 1246 3543 ado
1267 3495 1350 3542 toturn
1366 3486 1400 3541 ob
1414 3486 1597 3553 sterilitatem,
1611 3502 1642 3542 ac
1653 3487 1876 3558 desponsantibus

1095 3561 1218 3629 septenam
1259 3558 1370 3613 arimini
1386 3558 1508 3627 tetgusti.
1526 3559 1602 3613 llune
1615 3574 1681 3630 ergo
1696 3560 1826 3616 Caemrem
1843 3558 1877 3612 ln-

1094 3644 1157 3685 cere
1170 3632 1324 3686 destinabat
1339 3637 1414 3700 pater
1431 3639 1491 3697 post
1506 3629 1641 3685 celebrata
1655 3630 1812 3687 vicennalia.
1831 3632 1875 3685 Dc·

1093 3700 1166 3756 eisus
1178 3712 1220 3757 est
1232 3711 1322 3756 auteur
1340 3716 1355 3755 a
1372 3698 1478 3755 hisinio
1496 3699 1681 3757 candidianus
1699 3699 1874 3759 annotarim

1093 3771 1377 3836 315,aetatissuael6.

1129 3842 1192 3912 lpse
1207 3844 1355 3915 deponeret.
1370 3842 1525 3913 lurperhnu.
1542 3842 1721 3900 lleditabatur
1734 3859 1797 3916 ergo
1807 3842 1874 3900 Gale

1093 3915 1150 3970 rios
1164 3917 1346 3971 secessionem
1364 3914 1532 3984 erepublica
1547 3925 1608 3983 post
1626 3915 1831 3972 celebrationem
1841 3914 1875 3968 ri·

1092 3988 1255 4053 cernelium,
1271 3995 1301 4041 ut
1315 3987 1449 4042 tartunam
1472 3986 1629 4041 Diocletiani
1650 3987 1810 4044 imitaretur.
1829 3984 1873 4041 Sed

1092 4057 1164 4113 Deus
1178 4069 1274 4114 curtcta
1289 4057 1362 4113 illius
1375 4059 1492 4128 cogitata
1510 4056 1645 4112 dissolvit.
1659 4058 1727 4113 Nam
1744 4074 1826 4129 neque
1841 4056 1873 4110 vi·

1091 4131 1214 4185 ccnrtalia
1233 4128 1390 4196 celebravit,
1405 4143 1492 4199 ireque
1505 4128 1702 4184 Cattdidianum
1716 4130 1779 4188 lecit
1795 4130 1873 4187 cesa-

1090 4215 1160 4267 rem,
1175 4217 1225 4258 nee
1239 4201 1369 4273 consequi
1383 4202 1469 4272 potuit
1480 4201 1529 4256 otii
1543 4200 1727 4257 dulcedinem.

1386 4312 1501 4369 catut
1519 4310 1593 4369 xiil.

1125 4410 1484 4483 Torpuebonbtrdeeurioner.
1493 4408 1560 4464 llear
1576 4411 1655 4465 istam
1667 4412 1805 4466 anachvit
1814 4408 1872 4465 lac·

1089 4484 1189 4540 tentius
1203 4495 1330 4551 lattqtttttlt
1348 4491 1436 4537 actam
1452 4492 1547 4537 contra
1566 4483 1612 4549 ius
1630 4490 1658 4537 et
1685 4495 1798 4538 trierem.
1817 4480 1872 4535 llam

1087 4554 1150 4624 jure
1169 4554 1241 4609 cirili
1262 4554 1445 4609 Romanorum
1464 4568 1519 4607 non
1537 4552 1637 4607 licebat
1656 4562 1785 4623 torquere
1802 4552 1872 4609 decu·

288 4624 436 4679 Vicennob'o
459 4624 605 4679 celebraret.
629 4624 669 4677 hd
696 4626 852 4692 exemplum
868 4625 1036 4695 Diocletiani,
1050 4599 1078 4659 D
1090 4626 1192 4692 rienes,
1204 4634 1232 4679 ut
1241 4633 1316 4695 patet
1327 4639 1360 4679 ex
1371 4623 1485 4693 epistula
1494 4624 1662 4680 Cerastautiai
1676 4623 1710 4678 ad
1722 4625 1873 4681 l’rcbiauum

244 4697 289 4767 qui
306 4702 366 4765 post
390 4708 515 4749 emensos
541 4694 724 4750 novemdecim
740 4710 826 4749 aranos
851 4694 957 4763 imperii
983 4696 1038 4752 Do-

245 4782 317 4823 mam
330 4765 534 4830 vettiens,inltia
547 4766 672 4835 vigesimi
685 4774 760 4820 tanto
773 4775 902 4835 apparatu
915 4766 1037 4823 celebra-

244 4840 291 4905 vit,
306 4848 334 4894 ut
358 4845 499 4907 propterca
526 4836 626 4891 dixerit
650 4837 748 4891 Sextias
774 4837 961 4892 Dulttsuutam
976 4854 1038 4896 esse

243 4924 371 4981 pompam
384 4908 513 4975 victoriae,
525 4923 585 4978 qua
604 4910 655 4963 suh
670 4908 837 4963 Diocletiano
859 4910 981 4979 principe
995 4926 1038 4967 re-

243 4990 346 5049 portata
359 4980 393 5036 de
406 4978 495 5035 Persis
509 4987 561 5037 cst.
576 4978 630 5035 Sed
647 4978 766 5034 multum
775 4992 808 5037 eo
824 4989 944 5049 tempore
955 4982 1039 5038 dista·

241 5050 635 5109 batGaleriusavicenaalibus
647 5048 823 5105 solatiamur
837 5051 971 5121 capitati
986 5054 1035 5108 hu-

240 5122 284 5191 jus
308 5124 370 5179 libri
393 5121 527 5194 colligitur
548 5136 579 5177 ea
606 5122 737 5177 celebrari
766 5122 891 5177 Debuisse
911 5122 1034 5180 kalendis

243 5195 364 5261 martiis,
393 5208 453 5265 qua
475 5203 589 5249 mortem
613 5192 673 5263 eius
686 5193 837 5248 subsecutae
859 5202 930 5249 sunt.
950 5194 1034 5266 igitur

242 5276 364 5322 mortrrus
382 5276 553 5321 estnumer
570 5262 730 5335 quosaam
753 5264 838 5317 lactus
862 5272 905 5319 est
926 5266 1033 5322 dcciruo

241 5350 314 5393 nttrro
326 5338 510 5403 irreunte,cum
522 5336 620 5391 obierit
633 5348 725 5389 tttctrse
739 5335 866 5405 maioppti
880 5337 925 5389 latit
939 5340 1031 5405 prori-

242 5422 301 5461 mus
325 5409 471 5465 antediem
487 5406 675 5462 vicennalium.
690 5405 858 5461 llortnnsest
869 5418 957 5463 atatem
968 5423 1029 5465 cum

240 5489 330 5549 ageret
346 5488 469 5534 octauun
500 5481 679 5542 consalutata,
695 5486 724 5532 ut
737 5476 864 5547 scriptum
878 5488 920 5533 est
938 5480 964 5534 iu
981 5482 1031 5539 hae

241 5551 353 5605 historia
368 5558 395 5604 et
406 5552 434 5604 in
456 5549 544 5604 Fastis
566 5548 700 5603 litationis.
718 5554 762 5611 ht,
778 5554 801 5602 si
815 5548 863 5604 ista
876 5566 938 5605 vcra
955 5564 1027 5617 sarrit,

237 5626 373 5689 quomodo
386 5622 443 5675 heri
459 5632 546 5686 rrotcst
568 5631 596 5673 ut
609 5618 733 5676 Galerius
760 5621 932 5689 imperaverit
951 5628 1028 5681 antris

238 5702 327 5747 unoct
342 5694 433 5763 viginti
443 5693 454 5745 t
464 5692 516 5746 'lot
532 5692 602 5746 enirn
615 5704 815 5747 attrrucrauturu
828 5695 969 5748 ccttsuluta
982 5696 1029 5751 'li-

236 5760 339 5819 beriani
354 5775 381 5818 er
394 5764 494 5828 Diouis,
509 5779 563 5832 ‹pun›
575 5762 698 5818 Grtlerius
712 5764 810 5818 ditatur
824 5764 909 5819 laetias
923 5767 1025 5834 (issar,

235 5848 321 5911 usquc
337 5834 372 5895 ad
383 5834 551 5895 consulatum
572 5834 631 5905 ejus
653 5846 787 5895 otiatura.
804 5834 905 5900 Deirtdc
926 5836 1027 5911 ipsein

1089 4694 1395 4766 proconsuleruAlrics.
1408 4694 1499 4764 Quare
1508 4694 1652 4761 Barouius,
1665 4694 1700 4749 ad
1710 4712 1809 4752 antrum
1818 4694 1872 4756 tlt,

1088 4766 1216 4823 admouet
1228 4766 1294 4823 dcta
1310 4767 1475 4835 purgationis
1494 4764 1604 4830 Felicis,
1621 4768 1742 4836 episcopi
1755 4766 1873 4839 hptungi-

1089 4840 1156 4905 tnui,
1177 4847 1304 4908 corrupta
1321 4852 1382 4893 esse
1402 4838 1515 4893 eo-loco
1530 4838 1575 4894 uhi
1593 4835 1720 4893 AElianus
1741 4835 1873 4908 proconsul

1088 4910 1127 4965 ait
1140 4910 1174 4965 ad
1189 4910 1339 4982 lingentium
1356 4906 1437 4963 :ltoti
1450 4910 1536 4979 itaque
1550 4908 1811 4979 redimendasque
1824 4923 1873 4961 cnm

1088 4983 1153 5036 otihi
1162 4982 1234 5037 dirus
1248 4981 1297 5037 Dei
1310 4981 1467 5035 cultoremte
1478 4996 1543 5047 ease,
1555 4997 1586 5034 oo
1600 4990 1738 5051 propterea
1755 4998 1806 5035 non
1823 4995 1874 5049 poa·

1088 5054 1125 5106 ria
1142 5055 1253 5123 torqueri
1258 5070 1269 5119 ,·
1287 5061 1316 5109 et
1334 5052 1495 5118 mendorum
1515 5050 1658 5121 legendum
1681 5049 1742 5107 heic
1757 5066 1816 5109 esse
1832 5063 1874 5121 pro

1087 5122 1138 5178 Det'
1152 5126 1286 5181 eulmrctu.
1305 5123 1402 5179 Postea
1416 5132 1518 5190 tauteu,
1534 5133 1564 5178 ut
1582 5123 1638 5179 illic
1657 5122 1784 5179 observat
1804 5120 1874 5178 Baro·

1087 5196 1160 5262 aius,
1182 5196 1375 5252 mostarttinus
1396 5194 1482 5264 legem
1503 5195 1573 5261 tulit,
1595 5206 1625 5251 ut
1645 5194 1807 5251 decuriones
1827 5201 1874 5248 tor-

1086 5270 1162 5337 queri
1177 5270 1271 5324 liccret
1282 5267 1310 5322 in
1324 5266 1438 5322 crimine
1452 5264 1522 5321 salsi.
1617 5272 1621 5280 ’

1124 5337 1368 5411 Porsccir'rst'mt'virr'.
1378 5336 1542 5405 Lactantius,
1552 5336 1600 5391 lib.
1609 5336 1750 5393 vlitstitut.
1763 5335 1822 5408 cap.
1830 5335 1873 5391 lh:

1086 5408 1170 5465 Nemo
1181 5410 1378 5482 paratissimas
1391 5408 1442 5462 ariri
1455 5405 1598 5478 paterniter
1619 5409 1716 5479 gradus
1730 5410 1874 5478 itttpleuerr't.

1084 5481 1331 5537 perfectissimatus
1346 5480 1472 5551 dignitas,
1485 5490 1516 5540 ut
1532 5480 1570 5537 ait
1589 5480 1711 5535 Valesius
1725 5481 1760 5535 ad
1777 5481 1820 5535 tib.
1835 5492 1873 5531 aar

1084 5554 1220 5609 britaniam
1234 5551 1391 5618 llarcellini,
1406 5552 1494 5605 minor
1513 5561 1572 5606 erat
1590 5552 1788 5619 clarissimatu;
1811 5562 1837 5604 et
1851 5556 1875 5601 ut

1082 5622 1230 5679 Clarissimi
1245 5624 1315 5694 aprtd
1334 5624 1489 5692 praioetum
1509 5622 1568 5677 urbi
1585 5624 1824 5685 eorrreuichautur,
1840 5620 1874 5674 sie

1082 5694 1271 5765 perfectissimi
1285 5696 1355 5766 apud
1370 5694 1495 5748 vicariam
1509 5693 1707 5762 proiecturam.
1723 5693 1789 5748 lide
1799 5692 1873 5748 etiam

1082 5777 1160 5821 notas
1172 5766 1295 5821 Dalduiui
1317 5770 1343 5820 iu
1361 5765 1483 5819 Eumeuii
1498 5768 1650 5828 orationem
1669 5764 1703 5819 dc
1722 5764 1825 5824 schedis
1838 5763 1873 5816 iu·

1081 5838 1247 5907 saumatis,
1258 5837 1394 5927 taratara,
1410 5838 1438 5907 tn
1456 5836 1528 5908 nonu
1544 5835 1581 5907 rt
1601 5834 1800 5925 acetabuli
1817 5829 1873 5915 lilii
