<?xml version="1.0" encoding="UTF-8"?>
<!DOCTYPE html PUBLIC "-//W3C//DTD XHTML 1.0 Transitional//EN"
    "http://www.w3.org/TR/xhtml1/DTD/xhtml1-transitional.dtd">
<html xmlns="http://www.w3.org/1999/xhtml" xml:lang="en" lang="en">
 <head>
  <title>
</title>
<meta http-equiv="Content-Type" content="text/html;charset=utf-8" />
  <meta name='ocr-system' content='tesseract 3.04.00' />
  <meta name='ocr-capabilities' content='ocr_page ocr_carea ocr_par ocr_line ocrx_word'/>
</head>
<body>
  <div class='ocr_page' id='page_1' title='image "./patrologiaecurs186unkngoog/patrologiaecurs186unkngoog_0389.png"; bbox 0 0 4017 6350; ppageno 0'>
   <div class='ocr_carea' id='block_1_1' title="bbox 305 280 1966 388">
    <p class='ocr_par' dir='ltr' id='par_1_1' title="bbox 305 280 1966 388">
     <span class='ocr_line' id='line_1_1' title="bbox 305 280 1966 388; baseline -0.001 -1"><span class='ocrx_word' id='word_1_1' title='bbox 305 327 357 388; x_wconf 76' lang='lat' dir='ltr'>ibt</span> <span class='ocrx_word' id='word_1_2' title='bbox 997 323 1098 381; x_wconf 74' lang='lat' dir='ltr'>nutrit</span> <span class='ocrx_word' id='word_1_3' title='bbox 1119 321 1248 380; x_wconf 80' lang='lat' dir='ltr'>Btttnttr</span> <span class='ocrx_word' id='word_1_4' title='bbox 1876 330 1911 386; x_wconf 74' lang='lat' dir='ltr'>itt</span> <span class='ocrx_word' id='word_1_5' title='bbox 1965 280 1966 307; x_wconf 18' lang='grc' dir='ltr'>ἶ</span> 
     </span>
    </p>
   </div>
   <div class='ocr_carea' id='block_1_2' title="bbox 305 439 1966 5538">
    <p class='ocr_par' dir='ltr' id='par_1_2' title="bbox 305 439 1966 5538">
     <span class='ocr_line' id='line_1_2' title="bbox 306 439 1966 516; baseline 0.002 -16"><span class='ocrx_word' id='word_1_6' title='bbox 306 459 369 500; x_wconf 77' lang='grc' dir='ltr'>ιιι</span> <span class='ocrx_word' id='word_1_7' title='bbox 384 443 482 501; x_wconf 83' lang='lat' dir='ltr'>Citristi</span> <span class='ocrx_word' id='word_1_8' title='bbox 500 441 750 516; x_wconf 71' lang='lat' dir='ltr'>biertysiarraebbi,</span> <span class='ocrx_word' id='word_1_9' title='bbox 766 439 861 498; x_wconf 80' lang='lat' dir='ltr'>Franci</span> <span class='ocrx_word' id='word_1_10' title='bbox 884 448 967 495; x_wconf 88' lang='lat' dir='ltr'>tetam</span> <span class='ocrx_word' id='word_1_11' title='bbox 988 439 1143 505; x_wconf 76' lang='lat' dir='ltr'>GalliamA</span> <span class='ocrx_word' id='word_1_12' title='bbox 1192 439 1271 494; x_wconf 80' lang='lat' dir='ltr'>Audit</span> <span class='ocrx_word' id='word_1_13' title='bbox 1283 441 1379 496; x_wconf 84' lang='lat' dir='ltr'>scelera</span> <span class='ocrx_word' id='word_1_14' title='bbox 1393 456 1451 512; x_wconf 82' lang='lat' dir='ltr'>qna</span> <span class='ocrx_word' id='word_1_15' title='bbox 1462 442 1537 510; x_wconf 77' lang='lat' dir='ltr'>serit,</span> <span class='ocrx_word' id='word_1_16' title='bbox 1555 449 1608 498; x_wconf 88' lang='lat' dir='ltr'>etc.</span> <span class='ocrx_word' id='word_1_17' title='bbox 1623 441 1682 498; x_wconf 88' lang='lat' dir='ltr'>iloc</span> <span class='ocrx_word' id='word_1_18' title='bbox 1691 450 1745 510; x_wconf 90' lang='lat' dir='ltr'>est,</span> <span class='ocrx_word' id='word_1_19' title='bbox 1755 447 1912 514; x_wconf 79' lang='lat' dir='ltr'>quamprimum</span> <span class='ocrx_word' id='word_1_20' title='bbox 1965 456 1966 503; x_wconf 85' lang='lat' dir='ltr'>t</span> 
     </span>
     <span class='ocr_line' id='line_1_3' title="bbox 306 510 1966 590; baseline 0.002 -21"><span class='ocrx_word' id='word_1_21' title='bbox 306 519 504 590; x_wconf 75' lang='lat' dir='ltr'><strong>pervasissent,</strong></span> <span class='ocrx_word' id='word_1_22' title='bbox 525 524 552 572; x_wconf 92' lang='lat' dir='ltr'>et</span> <span class='ocrx_word' id='word_1_23' title='bbox 571 516 597 571; x_wconf 92' lang='lat' dir='ltr'>iu</span> <span class='ocrx_word' id='word_1_24' title='bbox 617 513 751 569; x_wconf 73' lang='lat' dir='ltr'><strong><em>Britannia</em></strong></span> <span class='ocrx_word' id='word_1_25' title='bbox 772 513 873 569; x_wconf 84' lang='lat' dir='ltr'>Gallica</span> <span class='ocrx_word' id='word_1_26' title='bbox 895 511 1102 579; x_wconf 81' lang='lat' dir='ltr'>consedissem,</span> <span class='ocrx_word' id='word_1_27' title='bbox 1156 527 1221 567; x_wconf 84' lang='lat' dir='ltr'>rere</span> <span class='ocrx_word' id='word_1_28' title='bbox 1244 511 1277 567; x_wconf 91' lang='lat' dir='ltr'>ad</span> <span class='ocrx_word' id='word_1_29' title='bbox 1299 510 1505 569; x_wconf 84' lang='lat' dir='ltr'>Constantinum</span> <span class='ocrx_word' id='word_1_30' title='bbox 1536 515 1585 568; x_wconf 87' lang='lat' dir='ltr'>luit</span> <span class='ocrx_word' id='word_1_31' title='bbox 1609 515 1760 580; x_wconf 88' lang='lat' dir='ltr'>adductos,</span> <span class='ocrx_word' id='word_1_32' title='bbox 1781 517 1914 584; x_wconf 80' lang='lat' dir='ltr'>exprobrarit</span> <span class='ocrx_word' id='word_1_33' title='bbox 1965 530 1966 541; x_wconf 59' lang='lat'><em>³</em></span> 
     </span>
     <span class='ocr_line' id='line_1_4' title="bbox 306 582 1914 661; baseline -0.001 -18"><span class='ocrx_word' id='word_1_34' title='bbox 306 589 378 661; x_wconf 80' lang='lat' dir='ltr'>quod</span> <span class='ocrx_word' id='word_1_35' title='bbox 390 603 434 644; x_wconf 92' lang='lat' dir='ltr'>mc</span> <span class='ocrx_word' id='word_1_36' title='bbox 447 587 568 658; x_wconf 78' lang='lat' dir='ltr'>nuspiam</span> <span class='ocrx_word' id='word_1_37' title='bbox 590 587 680 658; x_wconf 74' lang='lat' dir='ltr'>legere</span> <span class='ocrx_word' id='word_1_38' title='bbox 700 587 829 652; x_wconf 78' lang='lat' dir='ltr'>manauit</span> <span class='ocrx_word' id='word_1_39' title='bbox 845 592 938 640; x_wconf 90' lang='lat' dir='ltr'>contra</span> <span class='ocrx_word' id='word_1_40' title='bbox 964 597 1044 646; x_wconf 82' lang='lat' dir='ltr'>nero,</span> <span class='ocrx_word' id='word_1_41' title='bbox 1061 583 1104 638; x_wconf 93' lang='lat' dir='ltr'>di·</span> <span class='ocrx_word' id='word_1_42' title='bbox 1155 582 1194 638; x_wconf 92' lang='lat' dir='ltr'>illi</span> <span class='ocrx_word' id='word_1_43' title='bbox 1208 582 1420 649; x_wconf 89' lang='lat' dir='ltr'>Constantinus,</span> <span class='ocrx_word' id='word_1_44' title='bbox 1435 586 1571 656; x_wconf 83' lang='lat' dir='ltr'>quornodo</span> <span class='ocrx_word' id='word_1_45' title='bbox 1587 601 1640 641; x_wconf 88' lang='lat' dir='ltr'>neu</span> <span class='ocrx_word' id='word_1_46' title='bbox 1654 602 1686 642; x_wconf 89' lang='lat' dir='ltr'>se</span> <span class='ocrx_word' id='word_1_47' title='bbox 1709 601 1757 654; x_wconf 88' lang='lat' dir='ltr'>pro</span> <span class='ocrx_word' id='word_1_48' title='bbox 1777 599 1914 657; x_wconf 81' lang='lat' dir='ltr'>patreersa-</span> 
     </span>
     <span class='ocr_line' id='line_1_5' title="bbox 306 654 1915 730; baseline 0.001 -14"><span class='ocrx_word' id='word_1_49' title='bbox 306 660 463 716; x_wconf 81' lang='lat' dir='ltr'>rersissima</span> <span class='ocrx_word' id='word_1_50' title='bbox 486 658 556 730; x_wconf 88' lang='lat' dir='ltr'>apud</span> <span class='ocrx_word' id='word_1_51' title='bbox 571 657 754 728; x_wconf 77' lang='lat' dir='ltr'>Egiubardum</span> <span class='ocrx_word' id='word_1_52' title='bbox 778 666 806 712; x_wconf 86' lang='lat' dir='ltr'>et</span> <span class='ocrx_word' id='word_1_53' title='bbox 826 657 903 712; x_wconf 89' lang='lat' dir='ltr'>alios.</span> <span class='ocrx_word' id='word_1_54' title='bbox 928 655 1004 712; x_wconf 79' lang='lat' dir='ltr'>Adde</span> <span class='ocrx_word' id='word_1_55' title='bbox 1024 654 1106 709; x_wconf 88' lang='lat' dir='ltr'>Balu·</span> <span class='ocrx_word' id='word_1_56' title='bbox 1155 669 1220 710; x_wconf 86' lang='lat' dir='ltr'>ccro</span> <span class='ocrx_word' id='word_1_57' title='bbox 1232 655 1370 726; x_wconf 72' lang='lat' dir='ltr'>gessisset,</span> <span class='ocrx_word' id='word_1_58' title='bbox 1390 656 1438 712; x_wconf 87' lang='lat' dir='ltr'>sed</span> <span class='ocrx_word' id='word_1_59' title='bbox 1465 656 1612 722; x_wconf 86' lang='lat' dir='ltr'>scelerate,</span> <span class='ocrx_word' id='word_1_60' title='bbox 1638 657 1732 728; x_wconf 89' lang='lat' dir='ltr'>impie,</span> <span class='ocrx_word' id='word_1_61' title='bbox 1750 658 1850 727; x_wconf 81' lang='lat' dir='ltr'>perlida.</span> <span class='ocrx_word' id='word_1_62' title='bbox 1867 661 1915 718; x_wconf 84' lang='lat' dir='ltr'>ltu</span> 
     </span>
     <span class='ocr_line' id='line_1_6' title="bbox 307 727 1914 802; baseline 0 -14"><span class='ocrx_word' id='word_1_63' title='bbox 307 732 397 799; x_wconf 79' lang='lat' dir='ltr'>cium,</span> <span class='ocrx_word' id='word_1_64' title='bbox 411 729 445 786; x_wconf 93' lang='lat' dir='ltr'>ad</span> <span class='ocrx_word' id='word_1_65' title='bbox 462 731 519 786; x_wconf 88' lang='lat' dir='ltr'>baec</span> <span class='ocrx_word' id='word_1_66' title='bbox 534 732 633 798; x_wconf 87' lang='lat' dir='ltr'>verba,</span> <span class='ocrx_word' id='word_1_67' title='bbox 653 729 742 785; x_wconf 86' lang='lat' dir='ltr'>relicta</span> <span class='ocrx_word' id='word_1_68' title='bbox 755 729 865 784; x_wconf 89' lang='lat' dir='ltr'>miiitum</span> <span class='ocrx_word' id='word_1_69' title='bbox 879 737 970 802; x_wconf 58' lang='lat' dir='ltr'>parim·</span> <span class='ocrx_word' id='word_1_70' title='bbox 984 736 1014 782; x_wconf 90' lang='lat' dir='ltr'>et</span> <span class='ocrx_word' id='word_1_71' title='bbox 1025 741 1104 798; x_wconf 87' lang='lat' dir='ltr'>quero</span> <span class='ocrx_word' id='word_1_72' title='bbox 1157 737 1247 782; x_wconf 85' lang='lat' dir='ltr'>atttem</span> <span class='ocrx_word' id='word_1_73' title='bbox 1260 727 1379 783; x_wconf 89' lang='lat' dir='ltr'>detracta</span> <span class='ocrx_word' id='word_1_74' title='bbox 1394 729 1420 784; x_wconf 91' lang='lat' dir='ltr'>ei</span> <span class='ocrx_word' id='word_1_75' title='bbox 1434 730 1532 794; x_wconf 86' lang='lat' dir='ltr'>testis;</span> <span class='ocrx_word' id='word_1_76' title='bbox 1548 744 1581 785; x_wconf 81' lang='lat' dir='ltr'>ae</span> <span class='ocrx_word' id='word_1_77' title='bbox 1593 728 1729 798; x_wconf 80' lang='lat' dir='ltr'>denique,</span> <span class='ocrx_word' id='word_1_78' title='bbox 1754 741 1874 800; x_wconf 84' lang='lat' dir='ltr'>postquam</span> <span class='ocrx_word' id='word_1_79' title='bbox 1890 735 1914 788; x_wconf 89' lang='lat' dir='ltr'>itt</span> 
     </span>
     <span class='ocr_line' id='line_1_7' title="bbox 305 796 1693 870; baseline -0.003 -10"><span class='ocrx_word' id='word_1_80' title='bbox 305 815 321 860; x_wconf 85' lang='lat' dir='ltr'>s</span> <span class='ocrx_word' id='word_1_81' title='bbox 357 805 383 856; x_wconf 93' lang='lat' dir='ltr'>ui</span> <span class='ocrx_word' id='word_1_82' title='bbox 396 801 502 869; x_wconf 90' lang='lat' dir='ltr'>malim,</span> <span class='ocrx_word' id='word_1_83' title='bbox 516 800 660 870; x_wconf 79' lang='lat' dir='ltr'>Cunerum.</span> <span class='ocrx_word' id='word_1_84' title='bbox 1157 796 1253 855; x_wconf 83' lang='lat' dir='ltr'>luisset</span> <span class='ocrx_word' id='word_1_85' title='bbox 1266 799 1428 868; x_wconf 90' lang='lat' dir='ltr'>increpitus,</span> <span class='ocrx_word' id='word_1_86' title='bbox 1441 801 1495 855; x_wconf 81' lang='lat' dir='ltr'>rita</span> <span class='ocrx_word' id='word_1_87' title='bbox 1510 803 1627 858; x_wconf 88' lang='lat' dir='ltr'>danatus</span> <span class='ocrx_word' id='word_1_88' title='bbox 1639 809 1693 857; x_wconf 85' lang='lat' dir='ltr'>est.</span> 
     </span>
     <span class='ocr_line' id='line_1_8' title="bbox 366 869 1917 946; baseline 0 -18"><span class='ocrx_word' id='word_1_89' title='bbox 366 874 479 929; x_wconf 90' lang='lat' dir='ltr'>ritanaiu</span> <span class='ocrx_word' id='word_1_90' title='bbox 491 871 592 930; x_wconf 81' lang='lat' dir='ltr'>Gallica</span> <span class='ocrx_word' id='word_1_91' title='bbox 604 875 656 930; x_wconf 91' lang='lat' dir='ltr'>boc</span> <span class='ocrx_word' id='word_1_92' title='bbox 679 889 777 931; x_wconf 90' lang='lat' dir='ltr'>nomeu</span> <span class='ocrx_word' id='word_1_93' title='bbox 791 871 897 943; x_wconf 88' lang='lat' dir='ltr'>aceepit</span> <span class='ocrx_word' id='word_1_94' title='bbox 915 869 987 928; x_wconf 92' lang='lat' dir='ltr'>circa</span> <span class='ocrx_word' id='word_1_95' title='bbox 1002 885 1104 926; x_wconf 80' lang='lat' dir='ltr'>aarum</span> <span class='ocrx_word' id='word_1_96' title='bbox 1198 869 1289 925; x_wconf 75' lang='lat' dir='ltr'>Vertis</span> <span class='ocrx_word' id='word_1_97' title='bbox 1307 870 1388 940; x_wconf 73' lang='lat' dir='ltr'>liegia</span> <span class='ocrx_word' id='word_1_98' title='bbox 1404 871 1517 928; x_wconf 87' lang='lat' dir='ltr'>scilieet.</span> <span class='ocrx_word' id='word_1_99' title='bbox 1535 871 1685 946; x_wconf 79' lang='lat' dir='ltr'>Purpurtnt</span> <span class='ocrx_word' id='word_1_100' title='bbox 1697 871 1869 934; x_wconf 77' lang='lat' dir='ltr'>llaucrmtius.</span> <span class='ocrx_word' id='word_1_101' title='bbox 1881 874 1917 928; x_wconf 70' lang='lat' dir='ltr'>iu</span> 
     </span>
     <span class='ocr_line' id='line_1_9' title="bbox 306 943 1918 1016; baseline -0.001 -13"><span class='ocrx_word' id='word_1_102' title='bbox 306 945 408 1003; x_wconf 85' lang='lat' dir='ltr'>Christi</span> <span class='ocrx_word' id='word_1_103' title='bbox 429 945 492 1014; x_wconf 78' lang='lat' dir='ltr'>teu,</span> <span class='ocrx_word' id='word_1_104' title='bbox 513 961 575 1002; x_wconf 88' lang='lat' dir='ltr'>cum</span> <span class='ocrx_word' id='word_1_105' title='bbox 594 945 692 1004; x_wconf 76' lang='lat' dir='ltr'>Placidi</span> <span class='ocrx_word' id='word_1_106' title='bbox 711 944 889 1002; x_wconf 83' lang='lat' dir='ltr'>Valetniniaui</span> <span class='ocrx_word' id='word_1_107' title='bbox 906 953 1046 1012; x_wconf 91' lang='lat' dir='ltr'>tempere,</span> <span class='ocrx_word' id='word_1_108' title='bbox 1061 943 1109 996; x_wconf 87' lang='lat' dir='ltr'>lli·</span> <span class='ocrx_word' id='word_1_109' title='bbox 1159 943 1315 1012; x_wconf 85' lang='lat' dir='ltr'>permorimrt</span> <span class='ocrx_word' id='word_1_110' title='bbox 1338 960 1481 1016; x_wconf 77' lang='lat' dir='ltr'>purpuram</span> <span class='ocrx_word' id='word_1_111' title='bbox 1500 945 1655 1013; x_wconf 86' lang='lat' dir='ltr'>Buruetus,</span> <span class='ocrx_word' id='word_1_112' title='bbox 1680 944 1795 1000; x_wconf 88' lang='lat' dir='ltr'>rotunde</span> <span class='ocrx_word' id='word_1_113' title='bbox 1813 948 1918 1004; x_wconf 74' lang='lat' dir='ltr'>mutata</span> 
     </span>
     <span class='ocr_line' id='line_1_10' title="bbox 307 1015 1244 1088; baseline -0.003 -16"><span class='ocrx_word' id='word_1_114' title='bbox 307 1017 387 1072; x_wconf 83' lang='lat' dir='ltr'>ualus</span> <span class='ocrx_word' id='word_1_115' title='bbox 404 1019 549 1088; x_wconf 77' lang='lat' dir='ltr'>duplorum</span> <span class='ocrx_word' id='word_1_116' title='bbox 564 1017 776 1074; x_wconf 74' lang='lat' dir='ltr'>dominationem</span> <span class='ocrx_word' id='word_1_117' title='bbox 800 1015 920 1087; x_wconf 75' lang='lat' dir='ltr'>lugiens,</span> <span class='ocrx_word' id='word_1_118' title='bbox 934 1029 996 1070; x_wconf 93' lang='lat' dir='ltr'>cum</span> <span class='ocrx_word' id='word_1_119' title='bbox 1011 1029 1106 1080; x_wconf 72' lang='lat' dir='ltr'>unauna</span> <span class='ocrx_word' id='word_1_120' title='bbox 1159 1025 1244 1082; x_wconf 58' lang='lat' dir='ltr'>runt„</span> 
     </span>
     <span class='ocr_line' id='line_1_11' title="bbox 307 1085 1658 1189; baseline -0.006 -43"><span class='ocrx_word' id='word_1_121' title='bbox 307 1087 499 1146; x_wconf 72' lang='lat' dir='ltr'>Britannorum</span> <span class='ocrx_word' id='word_1_122' title='bbox 521 1089 692 1154; x_wconf 87' lang='lat' dir='ltr'>multitudine</span> <span class='ocrx_word' id='word_1_123' title='bbox 707 1090 812 1160; x_wconf 87' lang='lat' dir='ltr'>trajecit</span> <span class='ocrx_word' id='word_1_124' title='bbox 826 1089 852 1143; x_wconf 91' lang='lat' dir='ltr'>in</span> <span class='ocrx_word' id='word_1_125' title='bbox 865 1085 999 1170; x_wconf 80' lang='lat' dir='ltr'>Galliam,</span> <span class='ocrx_word' id='word_1_126' title='bbox 1015 1095 1042 1140; x_wconf 93' lang='grc' dir='ltr'>ιι</span> <span class='ocrx_word' id='word_1_127' title='bbox 1057 1085 1109 1140; x_wconf 80' lang='lat' dir='ltr'>l&#39;e·</span> <span class='ocrx_word' id='word_1_128' title='bbox 1444 1129 1558 1188; x_wconf 59' lang='lat' dir='ltr'>CAPUT</span> <span class='ocrx_word' id='word_1_129' title='bbox 1582 1129 1658 1189; x_wconf 69' lang='lat' dir='ltr'><strong>m</strong></span> 
     </span>
     <span class='ocr_line' id='line_1_12' title="bbox 307 1157 1668 1230; baseline -0.003 -13"><span class='ocrx_word' id='word_1_130' title='bbox 307 1171 453 1225; x_wconf 83' lang='lat' dir='ltr'>aetorum,</span> <span class='ocrx_word' id='word_1_131' title='bbox 470 1171 496 1216; x_wconf 88' lang='lat' dir='ltr'>et</span> <span class='ocrx_word' id='word_1_132' title='bbox 511 1159 687 1217; x_wconf 86' lang='lat' dir='ltr'>Osismiortnn</span> <span class='ocrx_word' id='word_1_133' title='bbox 704 1161 772 1218; x_wconf 87' lang='lat' dir='ltr'>lines</span> <span class='ocrx_word' id='word_1_134' title='bbox 786 1166 942 1230; x_wconf 85' lang='lat' dir='ltr'>occupant,</span> <span class='ocrx_word' id='word_1_135' title='bbox 960 1173 992 1214; x_wconf 88' lang='lat' dir='ltr'>ac</span> <span class='ocrx_word' id='word_1_136' title='bbox 1013 1157 1109 1214; x_wconf 86' lang='lat' dir='ltr'>desua</span> <span class='ocrx_word' id='word_1_137' title='bbox 1660 1171 1668 1184; x_wconf 90' lang='grc'><em>·</em></span> 
     </span>
     <span class='ocr_line' id='line_1_13' title="bbox 308 1230 1918 1305; baseline 0 -17"><span class='ocrx_word' id='word_1_138' title='bbox 308 1243 389 1305; x_wconf 73' lang='lat' dir='ltr'>gente</span> <span class='ocrx_word' id='word_1_139' title='bbox 404 1232 568 1289; x_wconf 74' lang='lat' dir='ltr'>Britanniam</span> <span class='ocrx_word' id='word_1_140' title='bbox 582 1233 737 1302; x_wconf 86' lang='lat' dir='ltr'>appellarit.</span> <span class='ocrx_word' id='word_1_141' title='bbox 753 1233 890 1290; x_wconf 73' lang='lat' dir='ltr'>atauus.</span> <span class='ocrx_word' id='word_1_142' title='bbox 1197 1230 1243 1288; x_wconf 88' lang='lat' dir='ltr'>Sic</span> <span class='ocrx_word' id='word_1_143' title='bbox 1256 1231 1352 1289; x_wconf 83' lang='lat' dir='ltr'>amitto</span> <span class='ocrx_word' id='word_1_144' title='bbox 1373 1233 1534 1305; x_wconf 82' lang='lat' dir='ltr'>imperatoris</span> <span class='ocrx_word' id='word_1_145' title='bbox 1556 1251 1586 1288; x_wconf 87' lang='lat' dir='ltr'>ac</span> <span class='ocrx_word' id='word_1_146' title='bbox 1608 1234 1693 1289; x_wconf 84' lang='lat' dir='ltr'>soceri</span> <span class='ocrx_word' id='word_1_147' title='bbox 1713 1233 1816 1288; x_wconf 84' lang='lat' dir='ltr'>itenere.</span> <span class='ocrx_word' id='word_1_148' title='bbox 1837 1232 1861 1287; x_wconf 92' lang='lat' dir='ltr'>ld</span> <span class='ocrx_word' id='word_1_149' title='bbox 1878 1244 1918 1300; x_wconf 79' lang='lat' dir='ltr'>ut,</span> 
     </span>
     <span class='ocr_line' id='line_1_14' title="bbox 346 1301 1921 1376; baseline 0.001 -18"><span class='ocrx_word' id='word_1_150' title='bbox 346 1303 485 1360; x_wconf 76' lang='lat' dir='ltr'>barbares.</span> <span class='ocrx_word' id='word_1_151' title='bbox 502 1303 617 1360; x_wconf 82' lang='lat' dir='ltr'>Francos</span> <span class='ocrx_word' id='word_1_152' title='bbox 639 1305 728 1376; x_wconf 71' lang='lat' dir='ltr'>linquo</span> <span class='ocrx_word' id='word_1_153' title='bbox 749 1305 833 1359; x_wconf 82' lang='lat' dir='ltr'>Attico</span> <span class='ocrx_word' id='word_1_154' title='bbox 853 1301 1046 1358; x_wconf 78' lang='lat' dir='ltr'>iatauraraatr</span> <span class='ocrx_word' id='word_1_155' title='bbox 1060 1301 1111 1356; x_wconf 87' lang='lat' dir='ltr'>im·</span> <span class='ocrx_word' id='word_1_156' title='bbox 1161 1302 1303 1360; x_wconf 80' lang='lat' dir='ltr'>Herculius</span> <span class='ocrx_word' id='word_1_157' title='bbox 1316 1314 1405 1360; x_wconf 89' lang='lat' dir='ltr'>antem</span> <span class='ocrx_word' id='word_1_158' title='bbox 1419 1305 1617 1371; x_wconf 72' lang='lat' dir='ltr'>Maximianus,</span> <span class='ocrx_word' id='word_1_159' title='bbox 1641 1307 1745 1361; x_wconf 85' lang='lat' dir='ltr'>amisso</span> <span class='ocrx_word' id='word_1_160' title='bbox 1770 1307 1795 1359; x_wconf 94' lang='lat' dir='ltr'>iu</span> <span class='ocrx_word' id='word_1_161' title='bbox 1816 1320 1868 1360; x_wconf 89' lang='lat' dir='ltr'>eum</span> <span class='ocrx_word' id='word_1_162' title='bbox 1884 1321 1921 1360; x_wconf 82' lang='lat' dir='ltr'>mo</span> 
     </span>
     <span class='ocr_line' id='line_1_15' title="bbox 311 1375 1919 1448; baseline 0 -17"><span class='ocrx_word' id='word_1_163' title='bbox 311 1386 440 1448; x_wconf 83' lang='lat' dir='ltr'>perurere</span> <span class='ocrx_word' id='word_1_164' title='bbox 461 1379 560 1447; x_wconf 73' lang='lat' dir='ltr'>[mirate</span> <span class='ocrx_word' id='word_1_165' title='bbox 582 1385 605 1430; x_wconf 86' lang='lat' dir='ltr'>et</span> <span class='ocrx_word' id='word_1_166' title='bbox 628 1377 724 1432; x_wconf 89' lang='lat' dir='ltr'>duritia</span> <span class='ocrx_word' id='word_1_167' title='bbox 745 1387 821 1446; x_wconf 82' lang='lat' dir='ltr'>atque</span> <span class='ocrx_word' id='word_1_168' title='bbox 834 1375 944 1430; x_wconf 86' lang='lat' dir='ltr'>audacia</span> <span class='ocrx_word' id='word_1_169' title='bbox 967 1375 1053 1428; x_wconf 89' lang='lat' dir='ltr'>uocari</span> <span class='ocrx_word' id='word_1_170' title='bbox 1066 1390 1111 1428; x_wconf 87' lang='grc' dir='ltr'>ιι-</span> <span class='ocrx_word' id='word_1_171' title='bbox 1161 1375 1226 1432; x_wconf 87' lang='lat' dir='ltr'>duur</span> <span class='ocrx_word' id='word_1_172' title='bbox 1241 1375 1359 1444; x_wconf 89' lang='lat' dir='ltr'>benere,</span> <span class='ocrx_word' id='word_1_173' title='bbox 1374 1392 1453 1448; x_wconf 82' lang='lat' dir='ltr'>auem</span> <span class='ocrx_word' id='word_1_174' title='bbox 1465 1377 1490 1432; x_wconf 87' lang='lat' dir='ltr'>ei</span> <span class='ocrx_word' id='word_1_175' title='bbox 1504 1387 1583 1434; x_wconf 88' lang='lat' dir='ltr'>antea</span> <span class='ocrx_word' id='word_1_176' title='bbox 1597 1377 1795 1432; x_wconf 86' lang='lat' dir='ltr'>Constantinus</span> <span class='ocrx_word' id='word_1_177' title='bbox 1816 1387 1881 1447; x_wconf 80' lang='lat' dir='ltr'>atque</span> <span class='ocrx_word' id='word_1_178' title='bbox 1891 1378 1919 1431; x_wconf 90' lang='lat' dir='ltr'>dii</span> 
     </span>
     <span class='ocr_line' id='line_1_16' title="bbox 313 1445 1922 1520; baseline -0.001 -17"><span class='ocrx_word' id='word_1_179' title='bbox 313 1449 379 1514; x_wconf 87' lang='lat' dir='ltr'>luit,</span> <span class='ocrx_word' id='word_1_180' title='bbox 398 1447 484 1518; x_wconf 86' lang='lat' dir='ltr'>iuquit</span> <span class='ocrx_word' id='word_1_181' title='bbox 497 1446 542 1502; x_wconf 84' lang='lat' dir='ltr'>luo</span> <span class='ocrx_word' id='word_1_182' title='bbox 556 1447 732 1504; x_wconf 74' lang='lat' dir='ltr'>Carraoreusis</span> <span class='ocrx_word' id='word_1_183' title='bbox 747 1447 822 1503; x_wconf 90' lang='lat' dir='ltr'>initio</span> <span class='ocrx_word' id='word_1_184' title='bbox 837 1445 964 1502; x_wconf 88' lang='lat' dir='ltr'>Cbroniei</span> <span class='ocrx_word' id='word_1_185' title='bbox 988 1445 1022 1502; x_wconf 90' lang='lat' dir='ltr'>de</span> <span class='ocrx_word' id='word_1_186' title='bbox 1037 1446 1110 1516; x_wconf 72' lang='lat' dir='ltr'>regi·</span> <span class='ocrx_word' id='word_1_187' title='bbox 1161 1449 1341 1504; x_wconf 90' lang='lat' dir='ltr'>communiter</span> <span class='ocrx_word' id='word_1_188' title='bbox 1354 1457 1383 1505; x_wconf 92' lang='lat' dir='ltr'>ut</span> <span class='ocrx_word' id='word_1_189' title='bbox 1400 1449 1565 1520; x_wconf 85' lang='lat' dir='ltr'>imperatori,</span> <span class='ocrx_word' id='word_1_190' title='bbox 1587 1447 1785 1504; x_wconf 84' lang='lat' dir='ltr'>Cattstauriuus</span> <span class='ocrx_word' id='word_1_191' title='bbox 1807 1464 1861 1502; x_wconf 85' lang='lat' dir='ltr'>rere</span> <span class='ocrx_word' id='word_1_192' title='bbox 1873 1451 1922 1501; x_wconf 80' lang='lat' dir='ltr'>iasa</span> 
     </span>
     <span class='ocr_line' id='line_1_17' title="bbox 311 1518 1923 1592; baseline -0.001 -18"><span class='ocrx_word' id='word_1_193' title='bbox 311 1518 559 1586; x_wconf 76' lang='lat' dir='ltr'>busl&#39;raacorum3</span> <span class='ocrx_word' id='word_1_194' title='bbox 576 1519 832 1592; x_wconf 87' lang='lat' dir='ltr'>quodlruuclocum</span> <span class='ocrx_word' id='word_1_195' title='bbox 849 1518 907 1589; x_wconf 87' lang='lat' dir='ltr'>(ubi</span> <span class='ocrx_word' id='word_1_196' title='bbox 928 1527 1110 1573; x_wconf 87' lang='lat' dir='ltr'>uesterearu·</span> <span class='ocrx_word' id='word_1_197' title='bbox 1162 1535 1211 1588; x_wconf 90' lang='lat' dir='ltr'>per</span> <span class='ocrx_word' id='word_1_198' title='bbox 1233 1528 1261 1574; x_wconf 94' lang='lat' dir='ltr'>ut</span> <span class='ocrx_word' id='word_1_199' title='bbox 1283 1535 1371 1575; x_wconf 85' lang='lat' dir='ltr'>terere</span> <span class='ocrx_word' id='word_1_200' title='bbox 1394 1521 1567 1577; x_wconf 84' lang='lat' dir='ltr'>eriribebant.</span> <span class='ocrx_word' id='word_1_201' title='bbox 1599 1519 1723 1576; x_wconf 76' lang='lat' dir='ltr'>Firmant</span> <span class='ocrx_word' id='word_1_202' title='bbox 1747 1533 1799 1574; x_wconf 85' lang='lat' dir='ltr'>tam</span> <span class='ocrx_word' id='word_1_203' title='bbox 1820 1521 1923 1590; x_wconf 75' lang='lat' dir='ltr'>manmit</span> 
     </span>
     <span class='ocr_line' id='line_1_18' title="bbox 313 1589 1922 1664; baseline -0.001 -18"><span class='ocrx_word' id='word_1_204' title='bbox 313 1589 375 1646; x_wconf 90' lang='lat' dir='ltr'>dem</span> <span class='ocrx_word' id='word_1_205' title='bbox 390 1601 513 1662; x_wconf 77' lang='lat' dir='ltr'>gentem,</span> <span class='ocrx_word' id='word_1_206' title='bbox 528 1607 607 1664; x_wconf 88' lang='lat' dir='ltr'>quam</span> <span class='ocrx_word' id='word_1_207' title='bbox 632 1593 710 1662; x_wconf 88' lang='lat' dir='ltr'>paulo</span> <span class='ocrx_word' id='word_1_208' title='bbox 725 1601 786 1647; x_wconf 90' lang='lat' dir='ltr'>ante</span> <span class='ocrx_word' id='word_1_209' title='bbox 810 1589 833 1645; x_wconf 87' lang='lat' dir='ltr'><em>F</em></span> <span class='ocrx_word' id='word_1_210' title='bbox 835 1605 925 1644; x_wconf 72' lang='lat' dir='ltr'>rastros</span> <span class='ocrx_word' id='word_1_211' title='bbox 940 1589 1109 1650; x_wconf 85' lang='lat' dir='ltr'>uotrtirravit.</span> <span class='ocrx_word' id='word_1_212' title='bbox 1162 1592 1260 1655; x_wconf 82' lang='lat' dir='ltr'>rerba,</span> <span class='ocrx_word' id='word_1_213' title='bbox 1277 1590 1428 1646; x_wconf 86' lang='lat' dir='ltr'>ituntiiitatis</span> <span class='ocrx_word' id='word_1_214' title='bbox 1441 1592 1576 1664; x_wconf 86' lang='lat' dir='ltr'>irnputicna</span> <span class='ocrx_word' id='word_1_215' title='bbox 1592 1591 1762 1664; x_wconf 77' lang='lat' dir='ltr'>(exortibus</span> <span class='ocrx_word' id='word_1_216' title='bbox 1777 1590 1865 1661; x_wconf 77' lang='lat' dir='ltr'>bouet,</span> <span class='ocrx_word' id='word_1_217' title='bbox 1879 1592 1922 1645; x_wconf 79' lang='lat' dir='ltr'>ilar·</span> 
     </span>
     <span class='ocr_line' id='line_1_19' title="bbox 313 1660 1923 1738; baseline -0.002 -20"><span class='ocrx_word' id='word_1_218' title='bbox 313 1661 475 1730; x_wconf 86' lang='lat' dir='ltr'>simpliciter</span> <span class='ocrx_word' id='word_1_219' title='bbox 489 1664 610 1718; x_wconf 82' lang='lat' dir='ltr'>barbares</span> <span class='ocrx_word' id='word_1_220' title='bbox 625 1660 754 1738; x_wconf 89' lang='lat' dir='ltr'>appellat)</span> <span class='ocrx_word' id='word_1_221' title='bbox 773 1663 849 1718; x_wconf 88' lang='lat' dir='ltr'>valde</span> <span class='ocrx_word' id='word_1_222' title='bbox 872 1662 1036 1728; x_wconf 90' lang='lat' dir='ltr'>illustraret,</span> <span class='ocrx_word' id='word_1_223' title='bbox 1059 1661 1112 1717; x_wconf 90' lang='lat' dir='ltr'>uisi</span> <span class='ocrx_word' id='word_1_224' title='bbox 1162 1661 1262 1719; x_wconf 90' lang='lat' dir='ltr'>culiuar</span> <span class='ocrx_word' id='word_1_225' title='bbox 1278 1663 1407 1734; x_wconf 82' lang='lat' dir='ltr'>deinceps</span> <span class='ocrx_word' id='word_1_226' title='bbox 1431 1680 1484 1717; x_wconf 90' lang='lat' dir='ltr'>nou</span> <span class='ocrx_word' id='word_1_227' title='bbox 1500 1665 1557 1720; x_wconf 90' lang='lat' dir='ltr'>sola</span> <span class='ocrx_word' id='word_1_228' title='bbox 1572 1679 1712 1735; x_wconf 86' lang='lat' dir='ltr'>purpura,</span> <span class='ocrx_word' id='word_1_229' title='bbox 1729 1663 1778 1718; x_wconf 90' lang='lat' dir='ltr'>sed</span> <span class='ocrx_word' id='word_1_230' title='bbox 1799 1663 1861 1716; x_wconf 91' lang='lat' dir='ltr'>cuitu</span> <span class='ocrx_word' id='word_1_231' title='bbox 1882 1677 1923 1728; x_wconf 79' lang='lat' dir='ltr'>aru</span> 
     </span>
     <span class='ocr_line' id='line_1_20' title="bbox 314 1733 1924 1808; baseline -0.002 -20"><span class='ocrx_word' id='word_1_232' title='bbox 314 1733 475 1790; x_wconf 79' lang='lat' dir='ltr'>Francorum</span> <span class='ocrx_word' id='word_1_233' title='bbox 488 1733 584 1792; x_wconf 89' lang='lat' dir='ltr'>nonieu</span> <span class='ocrx_word' id='word_1_234' title='bbox 600 1735 740 1808; x_wconf 77' lang='lat' dir='ltr'>utriusque</span> <span class='ocrx_word' id='word_1_235' title='bbox 751 1733 931 1791; x_wconf 81' lang='lat' dir='ltr'>Valentiniani</span> <span class='ocrx_word' id='word_1_236' title='bbox 944 1733 1111 1804; x_wconf 90' lang='lat' dir='ltr'>temporibus</span> <span class='ocrx_word' id='word_1_237' title='bbox 1163 1747 1215 1806; x_wconf 84' lang='lat' dir='ltr'>que</span> <span class='ocrx_word' id='word_1_238' title='bbox 1229 1743 1256 1789; x_wconf 92' lang='grc' dir='ltr'>ιι</span> <span class='ocrx_word' id='word_1_239' title='bbox 1267 1735 1404 1806; x_wconf 86' lang='lat' dir='ltr'>obsequiis</span> <span class='ocrx_word' id='word_1_240' title='bbox 1417 1735 1565 1791; x_wconf 88' lang='lat' dir='ltr'>aulicorum</span> <span class='ocrx_word' id='word_1_241' title='bbox 1589 1737 1731 1798; x_wconf 88' lang='lat' dir='ltr'>caruisse,</span> <span class='ocrx_word' id='word_1_242' title='bbox 1753 1743 1831 1803; x_wconf 82' lang='lat' dir='ltr'>atque</span> <span class='ocrx_word' id='word_1_243' title='bbox 1849 1733 1876 1787; x_wconf 89' lang='lat' dir='ltr'>ad</span> <span class='ocrx_word' id='word_1_244' title='bbox 1894 1733 1924 1786; x_wconf 85' lang='lat' dir='ltr'>iu</span> 
     </span>
     <span class='ocr_line' id='line_1_21' title="bbox 314 1803 1923 1880; baseline -0.004 -18"><span class='ocrx_word' id='word_1_245' title='bbox 314 1807 450 1877; x_wconf 84' lang='lat' dir='ltr'>antiquius</span> <span class='ocrx_word' id='word_1_246' title='bbox 472 1821 550 1872; x_wconf 87' lang='lat' dir='ltr'>esse,</span> <span class='ocrx_word' id='word_1_247' title='bbox 574 1807 617 1862; x_wconf 92' lang='lat' dir='ltr'>bic</span> <span class='ocrx_word' id='word_1_248' title='bbox 640 1808 718 1876; x_wconf 89' lang='lat' dir='ltr'>liber,</span> <span class='ocrx_word' id='word_1_249' title='bbox 742 1808 911 1880; x_wconf 81' lang='lat' dir='ltr'>plurimaque</span> <span class='ocrx_word' id='word_1_250' title='bbox 924 1805 975 1859; x_wconf 89' lang='lat' dir='ltr'>alia</span> <span class='ocrx_word' id='word_1_251' title='bbox 990 1815 1111 1860; x_wconf 84' lang='lat' dir='ltr'>ueterum</span> <span class='ocrx_word' id='word_1_252' title='bbox 1164 1805 1303 1861; x_wconf 91' lang='lat' dir='ltr'>ruillimaut</span> <span class='ocrx_word' id='word_1_253' title='bbox 1316 1807 1433 1878; x_wconf 85' lang='lat' dir='ltr'>denique</span> <span class='ocrx_word' id='word_1_254' title='bbox 1448 1806 1706 1862; x_wconf 81' lang='lat' dir='ltr'>tiraeeoudirioaetn</span> <span class='ocrx_word' id='word_1_255' title='bbox 1719 1806 1802 1860; x_wconf 84' lang='lat' dir='ltr'>luisse</span> <span class='ocrx_word' id='word_1_256' title='bbox 1813 1803 1923 1872; x_wconf 79' lang='lat' dir='ltr'>redtuuui</span> 
     </span>
     <span class='ocr_line' id='line_1_22' title="bbox 313 1851 1924 1949; baseline -0.003 -16"><span class='ocrx_word' id='word_1_257' title='bbox 313 1889 504 1948; x_wconf 81' lang='lat' dir='ltr'>monumenta,</span> <span class='ocrx_word' id='word_1_258' title='bbox 529 1879 658 1935; x_wconf 89' lang='lat' dir='ltr'>docerent</span> <span class='ocrx_word' id='word_1_259' title='bbox 680 1888 707 1934; x_wconf 92' lang='lat' dir='ltr'>et</span> <span class='ocrx_word' id='word_1_260' title='bbox 728 1882 893 1935; x_wconf 82' lang='lat' dir='ltr'>evincerent.</span> <span class='ocrx_word' id='word_1_261' title='bbox 916 1877 968 1933; x_wconf 90' lang='lat' dir='ltr'>Sed</span> <span class='ocrx_word' id='word_1_262' title='bbox 991 1891 1025 1930; x_wconf 93' lang='lat' dir='ltr'>an</span> <span class='ocrx_word' id='word_1_263' title='bbox 1051 1877 1113 1932; x_wconf 89' lang='lat' dir='ltr'>ideo</span> <span class='ocrx_word' id='word_1_264' title='bbox 1126 1851 1151 1912; x_wconf 75' lang='lat' dir='ltr'><strong>B</strong></span> <span class='ocrx_word' id='word_1_265' title='bbox 1164 1892 1245 1948; x_wconf 80' lang='lat' dir='ltr'>uuam</span> <span class='ocrx_word' id='word_1_266' title='bbox 1268 1877 1340 1949; x_wconf 84' lang='lat' dir='ltr'>quod</span> <span class='ocrx_word' id='word_1_267' title='bbox 1365 1880 1392 1934; x_wconf 93' lang='lat' dir='ltr'>io</span> <span class='ocrx_word' id='word_1_268' title='bbox 1412 1879 1628 1949; x_wconf 68' lang='lat' dir='ltr'>procedentibus</span> <span class='ocrx_word' id='word_1_269' title='bbox 1650 1878 1755 1932; x_wconf 88' lang='lat' dir='ltr'>dicttur</span> <span class='ocrx_word' id='word_1_270' title='bbox 1773 1875 1924 1931; x_wconf 86' lang='lat' dir='ltr'>Cousrtnutu</span> 
     </span>
     <span class='ocr_line' id='line_1_23' title="bbox 314 1946 1924 2019; baseline -0.004 -14"><span class='ocrx_word' id='word_1_271' title='bbox 314 1951 423 2007; x_wconf 89' lang='lat' dir='ltr'>rrtollior</span> <span class='ocrx_word' id='word_1_272' title='bbox 448 1950 514 2006; x_wconf 91' lang='lat' dir='ltr'>elim</span> <span class='ocrx_word' id='word_1_273' title='bbox 538 1950 601 2007; x_wconf 89' lang='lat' dir='ltr'>huie</span> <span class='ocrx_word' id='word_1_274' title='bbox 625 1951 727 2006; x_wconf 88' lang='lat' dir='ltr'>auctori</span> <span class='ocrx_word' id='word_1_275' title='bbox 752 1951 920 2005; x_wconf 84' lang='lat' dir='ltr'>barbararum</span> <span class='ocrx_word' id='word_1_276' title='bbox 943 1946 1111 2019; x_wconf 78' lang='lat' dir='ltr'>appellatio,</span> <span class='ocrx_word' id='word_1_277' title='bbox 1165 1948 1335 2015; x_wconf 76' lang='lat' dir='ltr'>Heredium,</span> <span class='ocrx_word' id='word_1_278' title='bbox 1360 1952 1464 2005; x_wconf 89' lang='lat' dir='ltr'>rtuiluut</span> <span class='ocrx_word' id='word_1_279' title='bbox 1489 1951 1539 2019; x_wconf 91' lang='lat' dir='ltr'>ipsi</span> <span class='ocrx_word' id='word_1_280' title='bbox 1555 1951 1686 2005; x_wconf 87' lang='lat' dir='ltr'>bonorem</span> <span class='ocrx_word' id='word_1_281' title='bbox 1712 1948 1847 2012; x_wconf 88' lang='lat' dir='ltr'>babendo,</span> <span class='ocrx_word' id='word_1_282' title='bbox 1867 1951 1924 2001; x_wconf 81' lang='lat' dir='ltr'>incrt-</span> 
     </span>
     <span class='ocr_line' id='line_1_24' title="bbox 314 2008 1966 2094; baseline -0.001 -18"><span class='ocrx_word' id='word_1_283' title='bbox 314 2036 377 2077; x_wconf 91' lang='lat' dir='ltr'>cum</span> <span class='ocrx_word' id='word_1_284' title='bbox 391 2023 424 2078; x_wconf 89' lang='lat' dir='ltr'>de</span> <span class='ocrx_word' id='word_1_285' title='bbox 437 2022 522 2080; x_wconf 87' lang='lat' dir='ltr'>Gallis</span> <span class='ocrx_word' id='word_1_286' title='bbox 536 2022 772 2092; x_wconf 78' lang='lat' dir='ltr'>ageretlliiuitae</span> <span class='ocrx_word' id='word_1_287' title='bbox 787 2038 863 2077; x_wconf 84' lang='lat' dir='ltr'>saue.</span> <span class='ocrx_word' id='word_1_288' title='bbox 878 2019 946 2076; x_wconf 87' lang='lat' dir='ltr'>Nam</span> <span class='ocrx_word' id='word_1_289' title='bbox 959 2022 995 2074; x_wconf 90' lang='lat' dir='ltr'>ita</span> <span class='ocrx_word' id='word_1_290' title='bbox 1010 2020 1114 2091; x_wconf 83' lang='lat' dir='ltr'>Carpos</span> <span class='ocrx_word' id='word_1_291' title='bbox 1166 2021 1601 2091; x_wconf 82' lang='lat' dir='ltr'>passeutbatuiucmaceieatuut,</span> <span class='ocrx_word' id='word_1_292' title='bbox 1623 2032 1653 2075; x_wconf 91' lang='lat' dir='ltr'>ut</span> <span class='ocrx_word' id='word_1_293' title='bbox 1672 2020 1891 2094; x_wconf 79' lang='lat' dir='ltr'>patretnitnpiau,</span> <span class='ocrx_word' id='word_1_294' title='bbox 1908 2029 1925 2070; x_wconf 92' lang='lat' dir='ltr'>n</span> <span class='ocrx_word' id='word_1_295' title='bbox 1965 2008 1966 2075; x_wconf 80' lang='lat' dir='ltr'>l</span> 
     </span>
     <span class='ocr_line' id='line_1_25' title="bbox 316 2089 1966 2166; baseline -0.004 -17"><span class='ocrx_word' id='word_1_296' title='bbox 316 2093 409 2150; x_wconf 85' lang='lat' dir='ltr'>odiose</span> <span class='ocrx_word' id='word_1_297' title='bbox 424 2095 512 2166; x_wconf 90' lang='lat' dir='ltr'>capite</span> <span class='ocrx_word' id='word_1_298' title='bbox 526 2093 558 2162; x_wconf 82' lang='lat' dir='ltr'>l,</span> <span class='ocrx_word' id='word_1_299' title='bbox 576 2095 612 2149; x_wconf 90' lang='lat' dir='ltr'>ita</span> <span class='ocrx_word' id='word_1_300' title='bbox 631 2093 825 2162; x_wconf 85' lang='lat' dir='ltr'>Persascapite</span> <span class='ocrx_word' id='word_1_301' title='bbox 838 2094 871 2155; x_wconf 80' lang='grc' dir='ltr'>ὅ.</span> <span class='ocrx_word' id='word_1_302' title='bbox 898 2091 1019 2146; x_wconf 84' lang='lat' dir='ltr'>barbaros</span> <span class='ocrx_word' id='word_1_303' title='bbox 1043 2107 1114 2146; x_wconf 91' lang='lat' dir='ltr'>nun·</span> <span class='ocrx_word' id='word_1_304' title='bbox 1165 2108 1281 2147; x_wconf 70' lang='lat' dir='ltr'>tecuam</span> <span class='ocrx_word' id='word_1_305' title='bbox 1307 2094 1482 2165; x_wconf 76' lang='lat' dir='ltr'>perfidum·</span> <span class='ocrx_word' id='word_1_306' title='bbox 1493 2092 1634 2148; x_wconf 74' lang='lat' dir='ltr'>diasirtica</span> <span class='ocrx_word' id='word_1_307' title='bbox 1659 2092 1736 2165; x_wconf 77' lang='lat' dir='ltr'>price</span> <span class='ocrx_word' id='word_1_308' title='bbox 1760 2093 1794 2146; x_wconf 89' lang='lat' dir='ltr'>dtr</span> <span class='ocrx_word' id='word_1_309' title='bbox 1817 2089 1925 2144; x_wconf 76' lang='grc' dir='ltr'><strong>ιιιιιι</strong></span> <span class='ocrx_word' id='word_1_310' title='bbox 1965 2096 1966 2105; x_wconf 74' lang='grc'>’</span> 
     </span>
     <span class='ocr_line' id='line_1_26' title="bbox 316 2161 1925 2238; baseline -0.004 -18"><span class='ocrx_word' id='word_1_311' title='bbox 316 2166 444 2234; x_wconf 79' lang='lat' dir='ltr'>cuparii,</span> <span class='ocrx_word' id='word_1_312' title='bbox 463 2165 532 2220; x_wconf 91' lang='lat' dir='ltr'>baud</span> <span class='ocrx_word' id='word_1_313' title='bbox 556 2164 607 2219; x_wconf 85' lang='lat' dir='ltr'>alia</span> <span class='ocrx_word' id='word_1_314' title='bbox 632 2176 722 2220; x_wconf 87' lang='lat' dir='ltr'>ttreute</span> <span class='ocrx_word' id='word_1_315' title='bbox 737 2165 798 2220; x_wconf 90' lang='lat' dir='ltr'>alibi</span> <span class='ocrx_word' id='word_1_316' title='bbox 814 2163 948 2218; x_wconf 81' lang='lat' dir='ltr'>barbaram</span> <span class='ocrx_word' id='word_1_317' title='bbox 963 2163 1114 2232; x_wconf 87' lang='lat' dir='ltr'>libidinem,</span> <span class='ocrx_word' id='word_1_318' title='bbox 1166 2176 1293 2237; x_wconf 84' lang='lat' dir='ltr'>pereuret</span> <span class='ocrx_word' id='word_1_319' title='bbox 1315 2165 1347 2219; x_wconf 88' lang='lat' dir='ltr'>de</span> <span class='ocrx_word' id='word_1_320' title='bbox 1361 2164 1509 2238; x_wconf 75' lang='lat' dir='ltr'>beau-pire.</span> <span class='ocrx_word' id='word_1_321' title='bbox 1526 2163 1726 2228; x_wconf 77' lang='lat' dir='ltr'>liaucroixius3</span> <span class='ocrx_word' id='word_1_322' title='bbox 1751 2163 1787 2218; x_wconf 86' lang='lat' dir='ltr'>ita</span> <span class='ocrx_word' id='word_1_323' title='bbox 1807 2161 1925 2230; x_wconf 80' lang='lat' dir='ltr'>simpliciter</span> 
     </span>
     <span class='ocr_line' id='line_1_27' title="bbox 317 2232 1926 2309; baseline -0.004 -17"><span class='ocrx_word' id='word_1_324' title='bbox 317 2235 461 2292; x_wconf 81' lang='lat' dir='ltr'>barbariem</span> <span class='ocrx_word' id='word_1_325' title='bbox 484 2237 645 2304; x_wconf 84' lang='lat' dir='ltr'>naturalem,</span> <span class='ocrx_word' id='word_1_326' title='bbox 677 2235 811 2291; x_wconf 86' lang='lat' dir='ltr'>barbarum</span> <span class='ocrx_word' id='word_1_327' title='bbox 835 2235 946 2298; x_wconf 81' lang='lat' dir='ltr'>ulianam</span> <span class='ocrx_word' id='word_1_328' title='bbox 977 2251 1114 2306; x_wconf 76' lang='lat' dir='ltr'>penerunt,</span> <span class='ocrx_word' id='word_1_329' title='bbox 1166 2237 1492 2309; x_wconf 84' lang='lat' dir='ltr'>dearnissisimperatorit</span> <span class='ocrx_word' id='word_1_330' title='bbox 1512 2246 1539 2292; x_wconf 91' lang='lat' dir='ltr'>et</span> <span class='ocrx_word' id='word_1_331' title='bbox 1560 2236 1644 2290; x_wconf 81' lang='lat' dir='ltr'>soceri</span> <span class='ocrx_word' id='word_1_332' title='bbox 1662 2232 1877 2305; x_wconf 82' lang='lat' dir='ltr'>appellationibus</span> <span class='ocrx_word' id='word_1_333' title='bbox 1892 2247 1926 2285; x_wconf 86' lang='lat' dir='ltr'>ser·</span> 
     </span>
     <span class='ocr_line' id='line_1_28' title="bbox 318 2305 1926 2378; baseline -0.005 -16"><span class='ocrx_word' id='word_1_334' title='bbox 318 2308 626 2375; x_wconf 82' lang='lat' dir='ltr'>barbaretnrertitutcat,</span> <span class='ocrx_word' id='word_1_335' title='bbox 642 2307 836 2378; x_wconf 79' lang='lat' dir='ltr'>etintJusmedi</span> <span class='ocrx_word' id='word_1_336' title='bbox 852 2307 1069 2362; x_wconf 86' lang='lat' dir='ltr'>alianotninans.</span> <span class='ocrx_word' id='word_1_337' title='bbox 1167 2323 1275 2362; x_wconf 89' lang='lat' dir='ltr'>mortem</span> <span class='ocrx_word' id='word_1_338' title='bbox 1290 2323 1351 2363; x_wconf 90' lang='lat' dir='ltr'>esse</span> <span class='ocrx_word' id='word_1_339' title='bbox 1362 2307 1640 2364; x_wconf 78' lang='lat' dir='ltr'>existimans—But</span> <span class='ocrx_word' id='word_1_340' title='bbox 1651 2305 1799 2362; x_wconf 65' lang='lat' dir='ltr'>tramittant</span> <span class='ocrx_word' id='word_1_341' title='bbox 1812 2305 1888 2372; x_wconf 79' lang='grc' dir='ltr'><strong>ιιιὶιι</strong></span> <span class='ocrx_word' id='word_1_342' title='bbox 1898 2305 1926 2354; x_wconf 90' lang='lat' dir='ltr'>ba</span> 
     </span>
     <span class='ocr_line' id='line_1_29' title="bbox 355 2375 1966 2454; baseline -0.005 -20"><span class='ocrx_word' id='word_1_343' title='bbox 355 2377 441 2435; x_wconf 84' lang='lat' dir='ltr'>Credit</span> <span class='ocrx_word' id='word_1_344' title='bbox 456 2379 612 2435; x_wconf 74' lang='lat' dir='ltr'>adoleamus.</span> <span class='ocrx_word' id='word_1_345' title='bbox 628 2377 662 2436; x_wconf 85' lang='lat' dir='ltr'>Ge</span> <span class='ocrx_word' id='word_1_346' title='bbox 671 2382 751 2454; x_wconf 76' lang='lat' dir='ltr'>jaune</span> <span class='ocrx_word' id='word_1_347' title='bbox 765 2379 868 2434; x_wconf 83' lang='lat' dir='ltr'>Primae.</span> <span class='ocrx_word' id='word_1_348' title='bbox 883 2377 1117 2435; x_wconf 80' lang='lat' dir='ltr'>Mrucaotxrus.-</span> <span class='ocrx_word' id='word_1_349' title='bbox 1169 2379 1229 2434; x_wconf 82' lang='lat' dir='ltr'>boib</span> <span class='ocrx_word' id='word_1_350' title='bbox 1242 2379 1283 2434; x_wconf 86' lang='lat' dir='ltr'>tire</span> <span class='ocrx_word' id='word_1_351' title='bbox 1302 2380 1401 2452; x_wconf 75' lang='lat' dir='ltr'>dipaitp</span> <span class='ocrx_word' id='word_1_352' title='bbox 1415 2383 1446 2452; x_wconf 68' lang='lat' dir='ltr'>of</span> <span class='ocrx_word' id='word_1_353' title='bbox 1457 2397 1490 2434; x_wconf 88' lang='lat' dir='ltr'>mr</span> <span class='ocrx_word' id='word_1_354' title='bbox 1505 2395 1650 2450; x_wconf 82' lang='lat' dir='ltr'>emperoar,</span> <span class='ocrx_word' id='word_1_355' title='bbox 1667 2379 1723 2432; x_wconf 89' lang='lat' dir='ltr'>mtd</span> <span class='ocrx_word' id='word_1_356' title='bbox 1742 2379 1785 2431; x_wconf 86' lang='lat' dir='ltr'>tire</span> <span class='ocrx_word' id='word_1_357' title='bbox 1801 2375 1880 2447; x_wconf 69' lang='lat' dir='ltr'>repat</span> <span class='ocrx_word' id='word_1_358' title='bbox 1893 2377 1926 2427; x_wconf 86' lang='lat' dir='ltr'>tia</span> <span class='ocrx_word' id='word_1_359' title='bbox 1965 2396 1966 2445; x_wconf 68' lang='lat'>3</span> 
     </span>
     <span class='ocr_line' id='line_1_30' title="bbox 319 2448 1927 2525; baseline -0.006 -17"><span class='ocrx_word' id='word_1_360' title='bbox 319 2452 396 2508; x_wconf 86' lang='lat' dir='ltr'>llautl</span> <span class='ocrx_word' id='word_1_361' title='bbox 408 2452 487 2516; x_wconf 88' lang='lat' dir='ltr'>taale,</span> <span class='ocrx_word' id='word_1_362' title='bbox 499 2453 579 2507; x_wconf 89' lang='lat' dir='ltr'>ruodo</span> <span class='ocrx_word' id='word_1_363' title='bbox 591 2467 642 2506; x_wconf 92' lang='lat' dir='ltr'>nea</span> <span class='ocrx_word' id='word_1_364' title='bbox 654 2453 688 2507; x_wconf 89' lang='lat' dir='ltr'>de</span> <span class='ocrx_word' id='word_1_365' title='bbox 696 2453 811 2524; x_wconf 81' lang='lat' dir='ltr'>principe</span> <span class='ocrx_word' id='word_1_366' title='bbox 820 2451 960 2506; x_wconf 87' lang='lat' dir='ltr'>admodum</span> <span class='ocrx_word' id='word_1_367' title='bbox 968 2453 1064 2525; x_wconf 76' lang='lat' dir='ltr'>jurene</span> <span class='ocrx_word' id='word_1_368' title='bbox 1077 2452 1118 2507; x_wconf 91' lang='lat' dir='ltr'>ia-</span> <span class='ocrx_word' id='word_1_369' title='bbox 1168 2468 1219 2506; x_wconf 84' lang='lat' dir='ltr'>tem</span> <span class='ocrx_word' id='word_1_370' title='bbox 1242 2453 1325 2523; x_wconf 75' lang='lat' dir='ltr'>papea</span> <span class='ocrx_word' id='word_1_371' title='bbox 1347 2461 1373 2506; x_wconf 90' lang='lat' dir='ltr'>ta</span> <span class='ocrx_word' id='word_1_372' title='bbox 1394 2452 1490 2506; x_wconf 82' lang='lat' dir='ltr'>luntas</span> <span class='ocrx_word' id='word_1_373' title='bbox 1512 2468 1528 2504; x_wconf 92' lang='grc' dir='ltr'>ι</span> <span class='ocrx_word' id='word_1_374' title='bbox 1547 2451 1633 2522; x_wconf 73' lang='lat' dir='ltr'>satier</span> <span class='ocrx_word' id='word_1_375' title='bbox 1659 2450 1686 2504; x_wconf 87' lang='lat' dir='ltr'>irt</span> <span class='ocrx_word' id='word_1_376' title='bbox 1717 2451 1783 2514; x_wconf 78' lang='grc' dir='ltr'><strong>ιιι,</strong></span> <span class='ocrx_word' id='word_1_377' title='bbox 1809 2448 1885 2502; x_wconf 77' lang='lat' dir='ltr'>versio</span> <span class='ocrx_word' id='word_1_378' title='bbox 1899 2463 1927 2498; x_wconf 84' lang='lat' dir='ltr'>ar·</span> 
     </span>
     <span class='ocr_line' id='line_1_31' title="bbox 321 2519 1927 2594; baseline -0.004 -16"><span class='ocrx_word' id='word_1_379' title='bbox 321 2523 519 2594; x_wconf 74' lang='lat' dir='ltr'>telligas.Tnnc</span> <span class='ocrx_word' id='word_1_380' title='bbox 530 2524 602 2580; x_wconf 87' lang='lat' dir='ltr'>euim</span> <span class='ocrx_word' id='word_1_381' title='bbox 613 2522 805 2580; x_wconf 88' lang='lat' dir='ltr'>Cortstantiuus</span> <span class='ocrx_word' id='word_1_382' title='bbox 815 2523 1118 2593; x_wconf 77' lang='lat' dir='ltr'>aonumaetarisagebat</span> <span class='ocrx_word' id='word_1_383' title='bbox 1168 2523 1253 2594; x_wconf 69' lang='lat' dir='ltr'>plica3</span> <span class='ocrx_word' id='word_1_384' title='bbox 1269 2523 1393 2577; x_wconf 74' lang='lat' dir='ltr'>amimam</span> <span class='ocrx_word' id='word_1_385' title='bbox 1401 2523 1457 2594; x_wconf 79' lang='lat' dir='ltr'>jara</span> <span class='ocrx_word' id='word_1_386' title='bbox 1470 2524 1632 2590; x_wconf 81' lang='lat' dir='ltr'>iatperateris</span> <span class='ocrx_word' id='word_1_387' title='bbox 1647 2522 1776 2576; x_wconf 82' lang='lat' dir='ltr'>bonorem</span> <span class='ocrx_word' id='word_1_388' title='bbox 1797 2519 1830 2574; x_wconf 91' lang='lat' dir='ltr'>de</span> <span class='ocrx_word' id='word_1_389' title='bbox 1849 2519 1927 2585; x_wconf 79' lang='lat' dir='ltr'>impera</span> 
     </span>
     <span class='ocr_line' id='line_1_32' title="bbox 320 2589 1926 2668; baseline -0.007 -17"><span class='ocrx_word' id='word_1_390' title='bbox 320 2594 429 2652; x_wconf 84' lang='lat' dir='ltr'>circiter</span> <span class='ocrx_word' id='word_1_391' title='bbox 440 2596 604 2650; x_wconf 87' lang='lat' dir='ltr'>tricesimum</span> <span class='ocrx_word' id='word_1_392' title='bbox 616 2607 732 2652; x_wconf 87' lang='lat' dir='ltr'>sertum.</span> <span class='ocrx_word' id='word_1_393' title='bbox 744 2593 845 2652; x_wconf 86' lang='lat' dir='ltr'>Conier</span> <span class='ocrx_word' id='word_1_394' title='bbox 854 2595 926 2650; x_wconf 91' lang='lat' dir='ltr'>dicta</span> <span class='ocrx_word' id='word_1_395' title='bbox 937 2593 970 2648; x_wconf 90' lang='lat' dir='ltr'>ad</span> <span class='ocrx_word' id='word_1_396' title='bbox 982 2604 1062 2664; x_wconf 91' lang='lat' dir='ltr'>eaput</span> <span class='ocrx_word' id='word_1_397' title='bbox 1071 2595 1116 2650; x_wconf 64' lang='lat' dir='ltr'>dd.</span> <span class='ocrx_word' id='word_1_398' title='bbox 1170 2595 1247 2649; x_wconf 78' lang='lat' dir='ltr'>toriae</span> <span class='ocrx_word' id='word_1_399' title='bbox 1260 2594 1399 2665; x_wconf 72' lang='lat' dir='ltr'>dignitatis</span> <span class='ocrx_word' id='word_1_400' title='bbox 1412 2595 1577 2662; x_wconf 89' lang='lat' dir='ltr'>amissione,</span> <span class='ocrx_word' id='word_1_401' title='bbox 1592 2595 1719 2648; x_wconf 78' lang='lat' dir='ltr'>antimum</span> <span class='ocrx_word' id='word_1_402' title='bbox 1742 2607 1806 2648; x_wconf 86' lang='lat' dir='ltr'>tero</span> <span class='ocrx_word' id='word_1_403' title='bbox 1817 2591 1884 2646; x_wconf 80' lang='lat' dir='ltr'>aaran</span> <span class='ocrx_word' id='word_1_404' title='bbox 1895 2589 1926 2668; x_wconf 75' lang='lat' dir='ltr'>ir</span> 
     </span>
     <span class='ocr_line' id='line_1_33' title="bbox 358 2661 1926 2742; baseline -0.005 -21"><span class='ocrx_word' id='word_1_405' title='bbox 358 2665 524 2740; x_wconf 82' lang='lat' dir='ltr'>Imperatori.</span> <span class='ocrx_word' id='word_1_406' title='bbox 539 2667 716 2724; x_wconf 84' lang='lat' dir='ltr'>Cortsrantiuo</span> <span class='ocrx_word' id='word_1_407' title='bbox 730 2668 849 2732; x_wconf 86' lang='lat' dir='ltr'>scilicet,</span> <span class='ocrx_word' id='word_1_408' title='bbox 863 2666 936 2738; x_wconf 84' lang='lat' dir='ltr'>qued</span> <span class='ocrx_word' id='word_1_409' title='bbox 950 2667 1049 2721; x_wconf 88' lang='lat' dir='ltr'>merito</span> <span class='ocrx_word' id='word_1_410' title='bbox 1063 2682 1119 2723; x_wconf 89' lang='lat' dir='ltr'>ma·</span> <span class='ocrx_word' id='word_1_411' title='bbox 1170 2681 1259 2720; x_wconf 85' lang='lat' dir='ltr'>nerem</span> <span class='ocrx_word' id='word_1_412' title='bbox 1272 2668 1307 2721; x_wconf 91' lang='lat' dir='ltr'>de</span> <span class='ocrx_word' id='word_1_413' title='bbox 1317 2669 1415 2722; x_wconf 86' lang='lat' dir='ltr'>anrissa</span> <span class='ocrx_word' id='word_1_414' title='bbox 1431 2667 1600 2722; x_wconf 80' lang='lat' dir='ltr'>Cortstantiui</span> <span class='ocrx_word' id='word_1_415' title='bbox 1614 2666 1642 2721; x_wconf 91' lang='lat' dir='ltr'>in</span> <span class='ocrx_word' id='word_1_416' title='bbox 1665 2679 1794 2720; x_wconf 87' lang='lat' dir='ltr'>socerum</span> <span class='ocrx_word' id='word_1_417' title='bbox 1814 2661 1926 2742; x_wconf 84' lang='lat' dir='ltr'>llereubur</span> 
     </span>
     <span class='ocr_line' id='line_1_34' title="bbox 320 2737 1927 2811; baseline -0.006 -16"><span class='ocrx_word' id='word_1_418' title='bbox 320 2739 370 2795; x_wconf 93' lang='lat' dir='ltr'>luit</span> <span class='ocrx_word' id='word_1_419' title='bbox 385 2739 533 2808; x_wconf 80' lang='lat' dir='ltr'>barnerus,</span> <span class='ocrx_word' id='word_1_420' title='bbox 549 2739 747 2811; x_wconf 82' lang='lat' dir='ltr'>perspicuitatis</span> <span class='ocrx_word' id='word_1_421' title='bbox 759 2738 860 2809; x_wconf 75' lang='lat' dir='ltr'>gratia,</span> <span class='ocrx_word' id='word_1_422' title='bbox 881 2747 1023 2807; x_wconf 88' lang='lat' dir='ltr'>repetere,</span> <span class='ocrx_word' id='word_1_423' title='bbox 1038 2754 1119 2807; x_wconf 79' lang='lat' dir='ltr'>quam</span> <span class='ocrx_word' id='word_1_424' title='bbox 1169 2738 1344 2793; x_wconf 83' lang='lat' dir='ltr'>observantia</span> <span class='ocrx_word' id='word_1_425' title='bbox 1361 2739 1510 2807; x_wconf 79' lang='lat' dir='ltr'>explicans.</span> <span class='ocrx_word' id='word_1_426' title='bbox 1542 2737 1594 2806; x_wconf 83' lang='lat' dir='ltr'>Qui</span> <span class='ocrx_word' id='word_1_427' title='bbox 1617 2751 1716 2793; x_wconf 91' lang='lat' dir='ltr'>sensus</span> <span class='ocrx_word' id='word_1_428' title='bbox 1732 2750 1748 2792; x_wconf 87' lang='lat' dir='ltr'>a</span> <span class='ocrx_word' id='word_1_429' title='bbox 1768 2743 1854 2790; x_wconf 88' lang='lat' dir='ltr'>nostru</span> <span class='ocrx_word' id='word_1_430' title='bbox 1871 2745 1927 2786; x_wconf 87' lang='grc' dir='ltr'>ιιι</span> 
     </span>
     <span class='ocr_line' id='line_1_35' title="bbox 322 2808 1700 2881; baseline -0.003 -15"><span class='ocrx_word' id='word_1_431' title='bbox 322 2827 383 2866; x_wconf 91' lang='lat' dir='ltr'>cunr</span> <span class='ocrx_word' id='word_1_432' title='bbox 400 2819 509 2878; x_wconf 83' lang='lat' dir='ltr'>nostro,</span> <span class='ocrx_word' id='word_1_433' title='bbox 534 2810 633 2866; x_wconf 82' lang='lat' dir='ltr'>variata</span> <span class='ocrx_word' id='word_1_434' title='bbox 649 2811 849 2881; x_wconf 84' lang='lat' dir='ltr'>appellatione,</span> <span class='ocrx_word' id='word_1_435' title='bbox 865 2809 1008 2865; x_wconf 86' lang='lat' dir='ltr'>obscurius</span> <span class='ocrx_word' id='word_1_436' title='bbox 1034 2809 1119 2880; x_wconf 84' lang='lat' dir='ltr'>loqui.</span> <span class='ocrx_word' id='word_1_437' title='bbox 1170 2808 1291 2875; x_wconf 87' lang='lat' dir='ltr'>recedit,</span> <span class='ocrx_word' id='word_1_438' title='bbox 1305 2809 1429 2879; x_wconf 82' lang='lat' dir='ltr'>idemque</span> <span class='ocrx_word' id='word_1_439' title='bbox 1443 2809 1500 2866; x_wconf 86' lang='lat' dir='ltr'>iere</span> <span class='ocrx_word' id='word_1_440' title='bbox 1511 2825 1573 2864; x_wconf 91' lang='lat' dir='ltr'>eum</span> <span class='ocrx_word' id='word_1_441' title='bbox 1588 2809 1635 2864; x_wconf 89' lang='lat' dir='ltr'>iilo</span> <span class='ocrx_word' id='word_1_442' title='bbox 1647 2818 1700 2864; x_wconf 91' lang='lat' dir='ltr'>est.</span> 
     </span>
     <span class='ocr_line' id='line_1_36' title="bbox 360 2876 1927 2955; baseline -0.005 -17"><span class='ocrx_word' id='word_1_443' title='bbox 360 2881 519 2955; x_wconf 80' lang='lat' dir='ltr'>opprimitur</span> <span class='ocrx_word' id='word_1_444' title='bbox 529 2883 614 2937; x_wconf 88' lang='lat' dir='ltr'>boma.</span> <span class='ocrx_word' id='word_1_445' title='bbox 628 2883 718 2939; x_wconf 88' lang='lat' dir='ltr'>Senex</span> <span class='ocrx_word' id='word_1_446' title='bbox 734 2897 830 2952; x_wconf 89' lang='lat' dir='ltr'>nempe</span> <span class='ocrx_word' id='word_1_447' title='bbox 843 2881 1033 2948; x_wconf 82' lang='lat' dir='ltr'>Maximianus,</span> <span class='ocrx_word' id='word_1_448' title='bbox 1049 2882 1120 2952; x_wconf 86' lang='lat' dir='ltr'>quod</span> <span class='ocrx_word' id='word_1_449' title='bbox 1209 2879 1277 2947; x_wconf 81' lang='lat' dir='ltr'>Quia</span> <span class='ocrx_word' id='word_1_450' title='bbox 1290 2882 1368 2934; x_wconf 80' lang='lat' dir='ltr'>tenui</span> <span class='ocrx_word' id='word_1_451' title='bbox 1382 2882 1444 2935; x_wconf 87' lang='lat' dir='ltr'>abiit</span> <span class='ocrx_word' id='word_1_452' title='bbox 1456 2883 1570 2949; x_wconf 83' lang='lat' dir='ltr'>impurae.</span> <span class='ocrx_word' id='word_1_453' title='bbox 1588 2881 1723 2936; x_wconf 79' lang='lat' dir='ltr'>Purtetum</span> <span class='ocrx_word' id='word_1_454' title='bbox 1746 2876 1817 2950; x_wconf 79' lang='lat' dir='ltr'>qued</span> <span class='ocrx_word' id='word_1_455' title='bbox 1839 2888 1874 2932; x_wconf 83' lang='lat' dir='ltr'>est</span> <span class='ocrx_word' id='word_1_456' title='bbox 1889 2882 1927 2926; x_wconf 83' lang='grc' dir='ltr'>ιιι</span> 
     </span>
     <span class='ocr_line' id='line_1_37' title="bbox 323 2945 1927 3026; baseline -0.004 -16"><span class='ocrx_word' id='word_1_457' title='bbox 323 2969 357 3010; x_wconf 89' lang='lat' dir='ltr'>err</span> <span class='ocrx_word' id='word_1_458' title='bbox 394 2965 451 3010; x_wconf 90' lang='lat' dir='ltr'>arte</span> <span class='ocrx_word' id='word_1_459' title='bbox 465 2955 625 3025; x_wconf 85' lang='lat' dir='ltr'>interpretes</span> <span class='ocrx_word' id='word_1_460' title='bbox 641 2953 823 3019; x_wconf 89' lang='lat' dir='ltr'>declararunt,</span> <span class='ocrx_word' id='word_1_461' title='bbox 841 2954 967 3024; x_wconf 84' lang='lat' dir='ltr'>idemque</span> <span class='ocrx_word' id='word_1_462' title='bbox 980 2954 1059 3015; x_wconf 89' lang='lat' dir='ltr'>adeo,</span> <span class='ocrx_word' id='word_1_463' title='bbox 1075 2955 1121 3026; x_wconf 86' lang='lat' dir='ltr'>qni</span> <span class='ocrx_word' id='word_1_464' title='bbox 1173 2951 1262 3019; x_wconf 76' lang='lat' dir='ltr'>Quia,</span> <span class='ocrx_word' id='word_1_465' title='bbox 1278 2952 1394 3007; x_wconf 87' lang='lat' dir='ltr'>transiet</span> <span class='ocrx_word' id='word_1_466' title='bbox 1407 2964 1468 3023; x_wconf 89' lang='lat' dir='ltr'>post</span> <span class='ocrx_word' id='word_1_467' title='bbox 1479 2955 1595 3022; x_wconf 83' lang='lat' dir='ltr'>impunc.</span> <span class='ocrx_word' id='word_1_468' title='bbox 1611 2953 1801 3010; x_wconf 77' lang='grc' dir='ltr'><strong>Βιιιιιιιις.</strong></span> <span class='ocrx_word' id='word_1_469' title='bbox 1813 2947 1868 3004; x_wconf 86' lang='lat' dir='ltr'>lieu</span> <span class='ocrx_word' id='word_1_470' title='bbox 1879 2945 1927 3026; x_wconf 68' lang='grc' dir='ltr'>ιιι</span> 
     </span>
     <span class='ocr_line' id='line_1_38' title="bbox 342 2969 1927 3098; baseline -0.009 -18"><span class='ocrx_word' id='word_1_471' title='bbox 342 2969 403 3081; x_wconf 55' lang='lat' dir='ltr'>aufe</span> <span class='ocrx_word' id='word_1_472' title='bbox 417 3035 480 3082; x_wconf 88' lang='lat' dir='ltr'>aare</span> <span class='ocrx_word' id='word_1_473' title='bbox 493 3025 646 3098; x_wconf 84' lang='lat' dir='ltr'>opprimere</span> <span class='ocrx_word' id='word_1_474' title='bbox 662 3029 718 3096; x_wconf 92' lang='lat' dir='ltr'>ipse</span> <span class='ocrx_word' id='word_1_475' title='bbox 729 3023 933 3080; x_wconf 86' lang='lat' dir='ltr'>Cortstantinuru</span> <span class='ocrx_word' id='word_1_476' title='bbox 945 3026 1119 3095; x_wconf 73' lang='lat' dir='ltr'>cogitaverat.</span> <span class='ocrx_word' id='word_1_477' title='bbox 1172 3023 1371 3094; x_wconf 87' lang='lat' dir='ltr'>-Snspicabar</span> <span class='ocrx_word' id='word_1_478' title='bbox 1384 3039 1434 3095; x_wconf 75' lang='lat' dir='ltr'>ege</span> <span class='ocrx_word' id='word_1_479' title='bbox 1446 3024 1569 3096; x_wconf 87' lang='lat' dir='ltr'>copulam</span> <span class='ocrx_word' id='word_1_480' title='bbox 1580 3033 1618 3090; x_wconf 91' lang='lat' dir='ltr'>et,</span> <span class='ocrx_word' id='word_1_481' title='bbox 1633 3037 1696 3096; x_wconf 73' lang='lat' dir='ltr'>quac</span> <span class='ocrx_word' id='word_1_482' title='bbox 1709 3021 1861 3093; x_wconf 70' lang='lat' dir='ltr'>saepiuscule</span> <span class='ocrx_word' id='word_1_483' title='bbox 1870 3016 1927 3070; x_wconf 88' lang='lat' dir='ltr'>atriu</span> 
     </span>
     <span class='ocr_line' id='line_1_39' title="bbox 322 3041 1928 3170; baseline -0.007 -16"><span class='ocrx_word' id='word_1_484' title='bbox 322 3041 466 3154; x_wconf 54' lang='lat' dir='ltr'>ssraaessrt</span> <span class='ocrx_word' id='word_1_485' title='bbox 479 3101 550 3153; x_wconf 88' lang='lat' dir='ltr'>euim</span> <span class='ocrx_word' id='word_1_486' title='bbox 567 3115 574 3151; x_wconf 82' lang='lat' dir='ltr'>t</span> <span class='ocrx_word' id='word_1_487' title='bbox 599 3115 609 3150; x_wconf 87' lang='lat' dir='ltr'>t</span> <span class='ocrx_word' id='word_1_488' title='bbox 628 3097 775 3154; x_wconf 85' lang='lat' dir='ltr'>Pet-suadet</span> <span class='ocrx_word' id='word_1_489' title='bbox 795 3096 862 3151; x_wconf 91' lang='lat' dir='ltr'>nibil</span> <span class='ocrx_word' id='word_1_490' title='bbox 876 3096 1022 3166; x_wconf 89' lang='lat' dir='ltr'>suspicanti</span> <span class='ocrx_word' id='word_1_491' title='bbox 1036 3095 1123 3170; x_wconf 88' lang='lat' dir='ltr'>(Cen-</span> <span class='ocrx_word' id='word_1_492' title='bbox 1172 3095 1387 3167; x_wconf 76' lang='lat' dir='ltr'>precedentibus</span> <span class='ocrx_word' id='word_1_493' title='bbox 1401 3098 1511 3152; x_wconf 82' lang='lat' dir='ltr'>vocibus</span> <span class='ocrx_word' id='word_1_494' title='bbox 1536 3097 1662 3165; x_wconf 86' lang='lat' dir='ltr'>absorpta</span> <span class='ocrx_word' id='word_1_495' title='bbox 1685 3105 1742 3162; x_wconf 90' lang='lat' dir='ltr'>est,</span> <span class='ocrx_word' id='word_1_496' title='bbox 1756 3095 1889 3160; x_wconf 84' lang='lat' dir='ltr'>absorptam</span> <span class='ocrx_word' id='word_1_497' title='bbox 1901 3101 1928 3155; x_wconf 80' lang='lat' dir='ltr'>pa·</span> 
     </span>
     <span class='ocr_line' id='line_1_40' title="bbox 324 3163 1926 3241; baseline -0.004 -16"><span class='ocrx_word' id='word_1_498' title='bbox 324 3170 459 3241; x_wconf 76' lang='lat' dir='ltr'>arantino)</span> <span class='ocrx_word' id='word_1_499' title='bbox 472 3186 508 3227; x_wconf 91' lang='lat' dir='ltr'>uc</span> <span class='ocrx_word' id='word_1_500' title='bbox 520 3186 628 3227; x_wconf 88' lang='lat' dir='ltr'>omnem</span> <span class='ocrx_word' id='word_1_501' title='bbox 643 3186 734 3226; x_wconf 83' lang='lat' dir='ltr'>sacrun</span> <span class='ocrx_word' id='word_1_502' title='bbox 755 3169 903 3225; x_wconf 82' lang='lat' dir='ltr'>exercitum</span> <span class='ocrx_word' id='word_1_503' title='bbox 918 3169 1079 3225; x_wconf 82' lang='lat' dir='ltr'>duceret...</span> <span class='ocrx_word' id='word_1_504' title='bbox 1094 3180 1123 3225; x_wconf 94' lang='lat' dir='ltr'>ut</span> <span class='ocrx_word' id='word_1_505' title='bbox 1173 3169 1240 3223; x_wconf 88' lang='lat' dir='ltr'>riter</span> <span class='ocrx_word' id='word_1_506' title='bbox 1255 3169 1337 3223; x_wconf 83' lang='lat' dir='ltr'>tuisse</span> <span class='ocrx_word' id='word_1_507' title='bbox 1350 3170 1394 3223; x_wconf 91' lang='lat' dir='ltr'>tric</span> <span class='ocrx_word' id='word_1_508' title='bbox 1408 3168 1457 3225; x_wconf 89' lang='lat' dir='ltr'>loci</span> <span class='ocrx_word' id='word_1_509' title='bbox 1471 3178 1533 3224; x_wconf 89' lang='lat' dir='ltr'>ante</span> <span class='ocrx_word' id='word_1_510' title='bbox 1550 3168 1622 3241; x_wconf 76' lang='lat' dir='ltr'>arria,</span> <span class='ocrx_word' id='word_1_511' title='bbox 1637 3166 1682 3222; x_wconf 92' lang='lat' dir='ltr'>ubi</span> <span class='ocrx_word' id='word_1_512' title='bbox 1703 3165 1815 3237; x_wconf 84' lang='lat' dir='ltr'>proinde</span> <span class='ocrx_word' id='word_1_513' title='bbox 1827 3163 1926 3234; x_wconf 67' lang='lat' dir='ltr'>legende</span> 
     </span>
     <span class='ocr_line' id='line_1_41' title="bbox 324 3238 1926 3318; baseline -0.004 -21"><span class='ocrx_word' id='word_1_514' title='bbox 324 3252 352 3297; x_wconf 92' lang='lat' dir='ltr'>et</span> <span class='ocrx_word' id='word_1_515' title='bbox 367 3244 424 3312; x_wconf 89' lang='lat' dir='ltr'>ipse</span> <span class='ocrx_word' id='word_1_516' title='bbox 441 3246 540 3318; x_wconf 73' lang='lat' dir='ltr'>(Senex</span> <span class='ocrx_word' id='word_1_517' title='bbox 555 3242 741 3315; x_wconf 84' lang='lat' dir='ltr'>ttatrmiauus)</span> <span class='ocrx_word' id='word_1_518' title='bbox 757 3242 868 3297; x_wconf 88' lang='lat' dir='ltr'>baberet</span> <span class='ocrx_word' id='word_1_519' title='bbox 880 3242 1029 3297; x_wconf 83' lang='lat' dir='ltr'>exercitum</span> <span class='ocrx_word' id='word_1_520' title='bbox 1041 3257 1120 3312; x_wconf 82' lang='lat' dir='ltr'>quem</span> <span class='ocrx_word' id='word_1_521' title='bbox 1135 3246 1158 3310; x_wconf 79' lang='lat' dir='ltr'>c</span> <span class='ocrx_word' id='word_1_522' title='bbox 1173 3247 1265 3312; x_wconf 88' lang='lat' dir='ltr'>putem</span> <span class='ocrx_word' id='word_1_523' title='bbox 1281 3256 1292 3294; x_wconf 85' lang='lat'>.·</span> <span class='ocrx_word' id='word_1_524' title='bbox 1309 3258 1319 3292; x_wconf 88' lang='lat' dir='ltr'>t</span> <span class='ocrx_word' id='word_1_525' title='bbox 1338 3238 1370 3294; x_wconf 84' lang='lat' dir='ltr'>Er</span> <span class='ocrx_word' id='word_1_526' title='bbox 1385 3242 1447 3310; x_wconf 80' lang='lat' dir='ltr'>quia</span> <span class='ocrx_word' id='word_1_527' title='bbox 1460 3241 1545 3296; x_wconf 89' lang='lat' dir='ltr'>semel</span> <span class='ocrx_word' id='word_1_528' title='bbox 1559 3242 1625 3294; x_wconf 91' lang='lat' dir='ltr'>abiit</span> <span class='ocrx_word' id='word_1_529' title='bbox 1638 3241 1761 3303; x_wconf 87' lang='lat' dir='ltr'>itttpnue,</span> <span class='ocrx_word' id='word_1_530' title='bbox 1778 3245 1862 3297; x_wconf 82' lang='grc' dir='ltr'><strong>ιιιιι,</strong></span> <span class='ocrx_word' id='word_1_531' title='bbox 1874 3242 1926 3287; x_wconf 75' lang='grc' dir='ltr'><strong>ιιι·</strong></span> 
     </span>
     <span class='ocr_line' id='line_1_42' title="bbox 324 3304 1927 3388; baseline -0.006 -19"><span class='ocrx_word' id='word_1_532' title='bbox 324 3323 484 3383; x_wconf 89' lang='lat' dir='ltr'>occuparet,</span> <span class='ocrx_word' id='word_1_533' title='bbox 500 3326 527 3371; x_wconf 91' lang='lat' dir='ltr'>er</span> <span class='ocrx_word' id='word_1_534' title='bbox 541 3315 584 3370; x_wconf 88' lang='lat' dir='ltr'>iile</span> <span class='ocrx_word' id='word_1_535' title='bbox 604 3310 818 3388; x_wconf 76' lang='lat' dir='ltr'>(Constantinus)</span> <span class='ocrx_word' id='word_1_536' title='bbox 841 3314 956 3385; x_wconf 88' lang='lat' dir='ltr'>opprimi</span> <span class='ocrx_word' id='word_1_537' title='bbox 981 3323 1072 3384; x_wconf 89' lang='lat' dir='ltr'>posset</span> <span class='ocrx_word' id='word_1_538' title='bbox 1086 3314 1122 3371; x_wconf 94' lang='lat' dir='ltr'>ob</span> <span class='ocrx_word' id='word_1_539' title='bbox 1215 3310 1295 3366; x_wconf 80' lang='lat' dir='ltr'>rarat</span> <span class='ocrx_word' id='word_1_540' title='bbox 1317 3311 1399 3381; x_wconf 78' lang='lat' dir='ltr'>filiunt</span> <span class='ocrx_word' id='word_1_541' title='bbox 1422 3310 1557 3367; x_wconf 83' lang='lat' dir='ltr'>Faustam.</span> <span class='ocrx_word' id='word_1_542' title='bbox 1577 3310 1606 3365; x_wconf 86' lang='lat' dir='ltr'>tt</span> <span class='ocrx_word' id='word_1_543' title='bbox 1634 3313 1708 3381; x_wconf 75' lang='lat' dir='ltr'>riatte</span> <span class='ocrx_word' id='word_1_544' title='bbox 1732 3328 1763 3365; x_wconf 84' lang='lat' dir='ltr'>sa</span> <span class='ocrx_word' id='word_1_545' title='bbox 1785 3310 1834 3378; x_wconf 73' lang='lat' dir='ltr'>pite</span> <span class='ocrx_word' id='word_1_546' title='bbox 1856 3304 1927 3385; x_wconf 60' lang='lat' dir='ltr'>fard-</span> 
     </span>
     <span class='ocr_line' id='line_1_43' title="bbox 325 3379 1965 3456; baseline -0.006 -16"><span class='ocrx_word' id='word_1_547' title='bbox 325 3385 440 3441; x_wconf 89' lang='lat' dir='ltr'>militurn</span> <span class='ocrx_word' id='word_1_548' title='bbox 457 3385 628 3454; x_wconf 82' lang='lat' dir='ltr'>paucitatem.</span> <span class='ocrx_word' id='word_1_549' title='bbox 1174 3382 1369 3440; x_wconf 76' lang='lat' dir='ltr'>Mancaorsrus.</span> <span class='ocrx_word' id='word_1_550' title='bbox 1384 3414 1421 3427; x_wconf 91' lang='lat'>—</span> <span class='ocrx_word' id='word_1_551' title='bbox 1437 3384 1528 3450; x_wconf 85' lang='lat' dir='ltr'>iliror,</span> <span class='ocrx_word' id='word_1_552' title='bbox 1542 3398 1603 3439; x_wconf 91' lang='lat' dir='ltr'>cum</span> <span class='ocrx_word' id='word_1_553' title='bbox 1620 3392 1726 3437; x_wconf 86' lang='lat' dir='ltr'>tantum</span> <span class='ocrx_word' id='word_1_554' title='bbox 1755 3382 1789 3436; x_wconf 88' lang='lat' dir='ltr'>sit</span> <span class='ocrx_word' id='word_1_555' title='bbox 1812 3379 1928 3456; x_wconf 78' lang='lat' dir='ltr'>distruere</span> <span class='ocrx_word' id='word_1_556' title='bbox 1964 3401 1965 3404; x_wconf 36' lang='lat'>¹</span> 
     </span>
     <span class='ocr_line' id='line_1_44' title="bbox 363 3448 1928 3530; baseline -0.01 -19"><span class='ocrx_word' id='word_1_557' title='bbox 363 3456 438 3522; x_wconf 81' lang='lat' dir='ltr'>Quod</span> <span class='ocrx_word' id='word_1_558' title='bbox 459 3458 543 3521; x_wconf 86' lang='lat' dir='ltr'>ipsum</span> <span class='ocrx_word' id='word_1_559' title='bbox 558 3459 684 3530; x_wconf 80' lang='lat' dir='ltr'>praecipue</span> <span class='ocrx_word' id='word_1_560' title='bbox 707 3473 758 3511; x_wconf 87' lang='lat' dir='ltr'>nea</span> <span class='ocrx_word' id='word_1_561' title='bbox 773 3455 881 3510; x_wconf 83' lang='lat' dir='ltr'>deceret.</span> <span class='ocrx_word' id='word_1_562' title='bbox 907 3456 974 3521; x_wconf 79' lang='lat' dir='ltr'>Quia</span> <span class='ocrx_word' id='word_1_563' title='bbox 998 3464 1026 3513; x_wconf 93' lang='grc' dir='ltr'>ιι</span> <span class='ocrx_word' id='word_1_564' title='bbox 1040 3456 1123 3527; x_wconf 87' lang='lat' dir='ltr'>ipsius</span> <span class='ocrx_word' id='word_1_565' title='bbox 1174 3456 1245 3511; x_wconf 89' lang='lat' dir='ltr'>inter</span> <span class='ocrx_word' id='word_1_566' title='bbox 1270 3471 1359 3510; x_wconf 84' lang='lat' dir='ltr'>uocare</span> <span class='ocrx_word' id='word_1_567' title='bbox 1392 3454 1536 3527; x_wconf 83' lang='lat' dir='ltr'>(appeler)</span> <span class='ocrx_word' id='word_1_568' title='bbox 1562 3466 1590 3511; x_wconf 90' lang='lat' dir='ltr'>et</span> <span class='ocrx_word' id='word_1_569' title='bbox 1615 3454 1797 3509; x_wconf 71' lang='lat' dir='ltr'>blandimentis</span> <span class='ocrx_word' id='word_1_570' title='bbox 1822 3448 1928 3506; x_wconf 81' lang='lat' dir='ltr'>saiticam,</span> 
     </span>
     <span class='ocr_line' id='line_1_45' title="bbox 326 3521 1927 3602; baseline -0.007 -19"><span class='ocrx_word' id='word_1_571' title='bbox 326 3526 496 3583; x_wconf 88' lang='lat' dir='ltr'>Constantini</span> <span class='ocrx_word' id='word_1_572' title='bbox 517 3543 595 3584; x_wconf 86' lang='lat' dir='ltr'>socer</span> <span class='ocrx_word' id='word_1_573' title='bbox 610 3540 682 3595; x_wconf 87' lang='lat' dir='ltr'>erat,</span> <span class='ocrx_word' id='word_1_574' title='bbox 698 3539 725 3583; x_wconf 91' lang='lat' dir='ltr'>et</span> <span class='ocrx_word' id='word_1_575' title='bbox 747 3528 829 3597; x_wconf 89' lang='lat' dir='ltr'>panis</span> <span class='ocrx_word' id='word_1_576' title='bbox 842 3526 929 3583; x_wconf 87' lang='lat' dir='ltr'>iuerat</span> <span class='ocrx_word' id='word_1_577' title='bbox 950 3528 1122 3595; x_wconf 84' lang='lat' dir='ltr'>Constantii,</span> <span class='ocrx_word' id='word_1_578' title='bbox 1176 3525 1296 3601; x_wconf 70' lang='lat' dir='ltr'>(aare).</span> <span class='ocrx_word' id='word_1_579' title='bbox 1313 3527 1505 3598; x_wconf 68' lang='lat' dir='ltr'>Praeterquam</span> <span class='ocrx_word' id='word_1_580' title='bbox 1529 3526 1602 3597; x_wconf 80' lang='lat' dir='ltr'>quaed</span> <span class='ocrx_word' id='word_1_581' title='bbox 1627 3528 1711 3580; x_wconf 87' lang='lat' dir='ltr'>etiam</span> <span class='ocrx_word' id='word_1_582' title='bbox 1738 3539 1771 3580; x_wconf 82' lang='lat' dir='ltr'>ex</span> <span class='ocrx_word' id='word_1_583' title='bbox 1795 3521 1894 3602; x_wconf 78' lang='lat' dir='ltr'>pratitae</span> <span class='ocrx_word' id='word_1_584' title='bbox 1904 3530 1927 3569; x_wconf 75' lang='lat' dir='ltr'>se</span> 
     </span>
     <span class='ocr_line' id='line_1_46' title="bbox 327 3597 1928 3670; baseline -0.007 -16"><span class='ocrx_word' id='word_1_585' title='bbox 327 3610 354 3655; x_wconf 94' lang='grc' dir='ltr'>ιι</span> <span class='ocrx_word' id='word_1_586' title='bbox 368 3600 514 3670; x_wconf 90' lang='lat' dir='ltr'>imperator</span> <span class='ocrx_word' id='word_1_587' title='bbox 539 3610 672 3667; x_wconf 78' lang='lat' dir='ltr'>provectae</span> <span class='ocrx_word' id='word_1_588' title='bbox 695 3599 802 3666; x_wconf 79' lang='lat' dir='ltr'>utaris,</span> <span class='ocrx_word' id='word_1_589' title='bbox 827 3614 907 3669; x_wconf 83' lang='lat' dir='ltr'>quem</span> <span class='ocrx_word' id='word_1_590' title='bbox 922 3600 994 3654; x_wconf 89' lang='lat' dir='ltr'>curui</span> <span class='ocrx_word' id='word_1_591' title='bbox 1018 3597 1124 3657; x_wconf 86' lang='lat' dir='ltr'>horrore</span> <span class='ocrx_word' id='word_1_592' title='bbox 1175 3599 1319 3669; x_wconf 72' lang='lat' dir='ltr'>ouantibus</span> <span class='ocrx_word' id='word_1_593' title='bbox 1341 3599 1513 3655; x_wconf 82' lang='lat' dir='ltr'>tttan&#39;ticsturu</span> <span class='ocrx_word' id='word_1_594' title='bbox 1537 3607 1589 3664; x_wconf 91' lang='lat' dir='ltr'>est,</span> <span class='ocrx_word' id='word_1_595' title='bbox 1603 3597 1780 3653; x_wconf 77' lang='lat' dir='ltr'>bbudiatetna</span> <span class='ocrx_word' id='word_1_596' title='bbox 1803 3606 1890 3648; x_wconf 88' lang='lat' dir='ltr'>uottntst</span> <span class='ocrx_word' id='word_1_597' title='bbox 1905 3602 1928 3639; x_wconf 75' lang='lat' dir='ltr'>se</span> 
     </span>
     <span class='ocr_line' id='line_1_47' title="bbox 329 3666 1965 3743; baseline -0.009 -16"><span class='ocrx_word' id='word_1_598' title='bbox 329 3680 491 3741; x_wconf 78' lang='lat' dir='ltr'>exceperat,</span> <span class='ocrx_word' id='word_1_599' title='bbox 508 3669 629 3743; x_wconf 80' lang='lat' dir='ltr'>adeoque</span> <span class='ocrx_word' id='word_1_600' title='bbox 645 3670 817 3743; x_wconf 86' lang='lat' dir='ltr'>patrirleco,</span> <span class='ocrx_word' id='word_1_601' title='bbox 832 3670 1020 3742; x_wconf 74' lang='lat' dir='ltr'>ouiatlugusti</span> <span class='ocrx_word' id='word_1_602' title='bbox 1039 3669 1125 3727; x_wconf 83' lang='lat' dir='ltr'>thru-</span> <span class='ocrx_word' id='word_1_603' title='bbox 1175 3669 1292 3725; x_wconf 85' lang='lat' dir='ltr'>cendam</span> <span class='ocrx_word' id='word_1_604' title='bbox 1318 3670 1435 3727; x_wconf 86' lang='lat' dir='ltr'>llerculri</span> <span class='ocrx_word' id='word_1_605' title='bbox 1456 3671 1608 3725; x_wconf 85' lang='lat' dir='ltr'>maritatam</span> <span class='ocrx_word' id='word_1_606' title='bbox 1636 3668 1732 3735; x_wconf 85' lang='lat' dir='ltr'>baisse,</span> <span class='ocrx_word' id='word_1_607' title='bbox 1748 3666 1881 3742; x_wconf 81' lang='lat' dir='ltr'>quadrina</span> <span class='ocrx_word' id='word_1_608' title='bbox 1896 3674 1929 3711; x_wconf 80' lang='lat' dir='ltr'>sun</span> <span class='ocrx_word' id='word_1_609' title='bbox 1964 3695 1965 3698; x_wconf 17' lang='grc' dir='ltr'>η</span> 
     </span>
     <span class='ocr_line' id='line_1_48' title="bbox 328 3740 1927 3815; baseline -0.005 -18"><span class='ocrx_word' id='word_1_610' title='bbox 328 3757 385 3797; x_wconf 88' lang='lat' dir='ltr'>ruat</span> <span class='ocrx_word' id='word_1_611' title='bbox 400 3754 484 3815; x_wconf 86' lang='lat' dir='ltr'>patret</span> <span class='ocrx_word' id='word_1_612' title='bbox 498 3742 666 3799; x_wconf 89' lang='lat' dir='ltr'>dicebantur.</span> <span class='ocrx_word' id='word_1_613' title='bbox 683 3742 808 3799; x_wconf 82' lang='lat' dir='ltr'>Teucrus.</span> <span class='ocrx_word' id='word_1_614' title='bbox 1176 3740 1298 3812; x_wconf 87' lang='lat' dir='ltr'>parribus</span> <span class='ocrx_word' id='word_1_615' title='bbox 1310 3743 1457 3797; x_wconf 88' lang='lat' dir='ltr'>conciliare</span> <span class='ocrx_word' id='word_1_616' title='bbox 1468 3742 1621 3798; x_wconf 81' lang='lat' dir='ltr'>tentaverit.</span> <span class='ocrx_word' id='word_1_617' title='bbox 1638 3740 1754 3796; x_wconf 78' lang='lat' dir='ltr'>locavit</span> <span class='ocrx_word' id='word_1_618' title='bbox 1766 3752 1828 3808; x_wconf 78' lang='lat' dir='ltr'>ergo</span> <span class='ocrx_word' id='word_1_619' title='bbox 1851 3744 1927 3804; x_wconf 75' lang='grc' dir='ltr'><strong>ιιιιιι</strong></span> 
     </span>
     <span class='ocr_line' id='line_1_49' title="bbox 365 3802 1928 3886; baseline -0.007 -17"><span class='ocrx_word' id='word_1_620' title='bbox 365 3814 431 3869; x_wconf 85' lang='lat' dir='ltr'>Turn</span> <span class='ocrx_word' id='word_1_621' title='bbox 444 3815 528 3869; x_wconf 84' lang='lat' dir='ltr'>subito</span> <span class='ocrx_word' id='word_1_622' title='bbox 551 3831 567 3869; x_wconf 93' lang='lat' dir='ltr'>a</span> <span class='ocrx_word' id='word_1_623' title='bbox 588 3824 657 3885; x_wconf 67' lang='lat' dir='ltr'>terea</span> <span class='ocrx_word' id='word_1_624' title='bbox 681 3815 735 3883; x_wconf 75' lang='lat' dir='ltr'>rint</span> <span class='ocrx_word' id='word_1_625' title='bbox 751 3824 833 3886; x_wconf 82' lang='lat' dir='ltr'>porra</span> <span class='ocrx_word' id='word_1_626' title='bbox 853 3822 1008 3879; x_wconf 78' lang='lat' dir='ltr'>reserantur,</span> <span class='ocrx_word' id='word_1_627' title='bbox 1033 3815 1126 3870; x_wconf 82' lang='lat' dir='ltr'>utilitas</span> <span class='ocrx_word' id='word_1_628' title='bbox 1177 3814 1298 3869; x_wconf 82' lang='lat' dir='ltr'>oninium</span> <span class='ocrx_word' id='word_1_629' title='bbox 1311 3830 1319 3881; x_wconf 93' lang='lat'>;</span> <span class='ocrx_word' id='word_1_630' title='bbox 1334 3813 1360 3869; x_wconf 91' lang='lat' dir='ltr'>id</span> <span class='ocrx_word' id='word_1_631' title='bbox 1374 3822 1425 3881; x_wconf 82' lang='lat' dir='ltr'>est,</span> <span class='ocrx_word' id='word_1_632' title='bbox 1438 3814 1511 3870; x_wconf 89' lang='lat' dir='ltr'>iilam</span> <span class='ocrx_word' id='word_1_633' title='bbox 1530 3812 1564 3869; x_wconf 87' lang='lat' dir='ltr'>ad</span> <span class='ocrx_word' id='word_1_634' title='bbox 1587 3828 1617 3869; x_wconf 87' lang='lat' dir='ltr'>se</span> <span class='ocrx_word' id='word_1_635' title='bbox 1638 3809 1846 3874; x_wconf 74' lang='lat' dir='ltr'>amaricamur,</span> <span class='ocrx_word' id='word_1_636' title='bbox 1865 3802 1928 3859; x_wconf 79' lang='grc' dir='ltr'><strong>ιιιι·</strong></span> 
     </span>
     <span class='ocr_line' id='line_1_50' title="bbox 328 3885 1927 3959; baseline -0.002 -18"><span class='ocrx_word' id='word_1_637' title='bbox 328 3886 494 3959; x_wconf 84' lang='lat' dir='ltr'>recipiuntur.</span> <span class='ocrx_word' id='word_1_638' title='bbox 517 3886 677 3941; x_wconf 79' lang='lat' dir='ltr'>Plenissime</span> <span class='ocrx_word' id='word_1_639' title='bbox 700 3902 797 3953; x_wconf 86' lang='lat' dir='ltr'>seusu,</span> <span class='ocrx_word' id='word_1_640' title='bbox 814 3885 893 3941; x_wconf 92' lang='lat' dir='ltr'>modo</span> <span class='ocrx_word' id='word_1_641' title='bbox 909 3896 1033 3941; x_wconf 89' lang='lat' dir='ltr'>neutrum</span> <span class='ocrx_word' id='word_1_642' title='bbox 1047 3889 1125 3942; x_wconf 88' lang='lat' dir='ltr'>stric-</span> <span class='ocrx_word' id='word_1_643' title='bbox 1178 3899 1231 3955; x_wconf 87' lang='lat' dir='ltr'>que</span> <span class='ocrx_word' id='word_1_644' title='bbox 1245 3895 1275 3939; x_wconf 91' lang='lat' dir='ltr'>ut</span> <span class='ocrx_word' id='word_1_645' title='bbox 1288 3890 1401 3940; x_wconf 82' lang='lat' dir='ltr'>reniret.</span> <span class='ocrx_word' id='word_1_646' title='bbox 1924 3941 1927 3950; x_wconf 70' lang='grc'><strong>,</strong></span> 
     </span>
     <span class='ocr_line' id='line_1_51' title="bbox 330 3944 1928 4029; baseline -0.006 -16"><span class='ocrx_word' id='word_1_647' title='bbox 330 3959 382 4013; x_wconf 90' lang='lat' dir='ltr'>tius</span> <span class='ocrx_word' id='word_1_648' title='bbox 395 3974 410 4012; x_wconf 89' lang='lat' dir='ltr'>a</span> <span class='ocrx_word' id='word_1_649' title='bbox 423 3968 499 4027; x_wconf 71' lang='lat' dir='ltr'>tergo</span> <span class='ocrx_word' id='word_1_650' title='bbox 514 3957 630 4013; x_wconf 79' lang='lat' dir='ltr'>Herculii</span> <span class='ocrx_word' id='word_1_651' title='bbox 653 3958 801 4023; x_wconf 86' lang='lat' dir='ltr'>accidisse,</span> <span class='ocrx_word' id='word_1_652' title='bbox 818 3956 865 4012; x_wconf 88' lang='lat' dir='ltr'>sed</span> <span class='ocrx_word' id='word_1_653' title='bbox 881 3958 907 4011; x_wconf 93' lang='lat' dir='ltr'>iu</span> <span class='ocrx_word' id='word_1_654' title='bbox 923 3970 1026 4012; x_wconf 87' lang='lat' dir='ltr'>remota</span> <span class='ocrx_word' id='word_1_655' title='bbox 1052 3958 1126 4014; x_wconf 88' lang='lat' dir='ltr'>urbis</span> <span class='ocrx_word' id='word_1_656' title='bbox 1213 3954 1364 4027; x_wconf 68' lang='lat' dir='ltr'>dilaniarent</span> <span class='ocrx_word' id='word_1_657' title='bbox 1386 3958 1469 4011; x_wconf 87' lang='lat' dir='ltr'>uirum</span> <span class='ocrx_word' id='word_1_658' title='bbox 1491 3956 1636 4029; x_wconf 84' lang='lat' dir='ltr'>pollicetar.</span> <span class='ocrx_word' id='word_1_659' title='bbox 1651 3954 1785 4011; x_wconf 78' lang='lat' dir='ltr'>Videatur</span> <span class='ocrx_word' id='word_1_660' title='bbox 1797 3950 1880 4008; x_wconf 88' lang='lat' dir='ltr'>ibidem</span> <span class='ocrx_word' id='word_1_661' title='bbox 1898 3944 1928 3997; x_wconf 77' lang='grc' dir='ltr'>Ιιι</span> 
     </span>
     <span class='ocr_line' id='line_1_52' title="bbox 330 4027 1906 4101; baseline -0.001 -17"><span class='ocrx_word' id='word_1_662' title='bbox 330 4038 404 4101; x_wconf 87' lang='lat' dir='ltr'>parte</span> <span class='ocrx_word' id='word_1_663' title='bbox 417 4072 425 4097; x_wconf 93' lang='lat'>,</span> <span class='ocrx_word' id='word_1_664' title='bbox 439 4030 482 4084; x_wconf 91' lang='lat' dir='ltr'>cui</span> <span class='ocrx_word' id='word_1_665' title='bbox 497 4038 601 4100; x_wconf 72' lang='lat' dir='ltr'>tergunt</span> <span class='ocrx_word' id='word_1_666' title='bbox 618 4030 752 4097; x_wconf 83' lang='lat' dir='ltr'>uertebat,</span> <span class='ocrx_word' id='word_1_667' title='bbox 770 4028 921 4099; x_wconf 79' lang='lat' dir='ltr'>inteiligas,</span> <span class='ocrx_word' id='word_1_668' title='bbox 936 4028 1013 4099; x_wconf 82' lang='lat' dir='ltr'>cujus</span> <span class='ocrx_word' id='word_1_669' title='bbox 1027 4029 1122 4085; x_wconf 89' lang='lat' dir='ltr'>obser·</span> <span class='ocrx_word' id='word_1_670' title='bbox 1178 4027 1334 4084; x_wconf 79' lang='lat' dir='ltr'>colonibus.</span> <span class='ocrx_word' id='word_1_671' title='bbox 1902 4088 1906 4097; x_wconf 58' lang='grc'><strong>,</strong></span> 
     </span>
     <span class='ocr_line' id='line_1_53' title="bbox 330 4093 1928 4171; baseline -0.004 -14"><span class='ocrx_word' id='word_1_672' title='bbox 330 4101 444 4157; x_wconf 84' lang='lat' dir='ltr'>tationis</span> <span class='ocrx_word' id='word_1_673' title='bbox 459 4102 527 4157; x_wconf 88' lang='lat' dir='ltr'>ratio</span> <span class='ocrx_word' id='word_1_674' title='bbox 540 4112 568 4158; x_wconf 90' lang='grc' dir='ltr'>ιι</span> <span class='ocrx_word' id='word_1_675' title='bbox 580 4104 727 4157; x_wconf 84' lang='lat' dir='ltr'>necessitas</span> <span class='ocrx_word' id='word_1_676' title='bbox 738 4116 786 4171; x_wconf 92' lang='lat' dir='ltr'>per</span> <span class='ocrx_word' id='word_1_677' title='bbox 800 4116 830 4156; x_wconf 90' lang='lat' dir='ltr'>se</span> <span class='ocrx_word' id='word_1_678' title='bbox 844 4109 943 4167; x_wconf 86' lang='lat' dir='ltr'>patent.</span> <span class='ocrx_word' id='word_1_679' title='bbox 1216 4097 1283 4155; x_wconf 84' lang='lat' dir='ltr'>Petit</span> <span class='ocrx_word' id='word_1_680' title='bbox 1296 4100 1449 4167; x_wconf 82' lang='lat' dir='ltr'>cubiculum,</span> <span class='ocrx_word' id='word_1_681' title='bbox 1465 4110 1517 4156; x_wconf 91' lang='lat' dir='ltr'>ete.</span> <span class='ocrx_word' id='word_1_682' title='bbox 1533 4100 1618 4156; x_wconf 84' lang='lat' dir='ltr'>Panlo</span> <span class='ocrx_word' id='word_1_683' title='bbox 1631 4099 1710 4154; x_wconf 90' lang='lat' dir='ltr'>aliter</span> <span class='ocrx_word' id='word_1_684' title='bbox 1721 4096 1806 4153; x_wconf 86' lang='lat' dir='ltr'>editio</span> <span class='ocrx_word' id='word_1_685' title='bbox 1818 4093 1928 4166; x_wconf 59' lang='lat' dir='ltr'>rihdrud*</span> 
     </span>
     <span class='ocr_line' id='line_1_54' title="bbox 365 4166 1928 4299; baseline -0.002 -72"><span class='ocrx_word' id='word_1_686' title='bbox 365 4173 516 4229; x_wconf 78' lang='lat' dir='ltr'>narrabitur</span> <span class='ocrx_word' id='word_1_687' title='bbox 537 4173 572 4229; x_wconf 91' lang='lat' dir='ltr'>ad</span> <span class='ocrx_word' id='word_1_688' title='bbox 584 4174 763 4245; x_wconf 84' lang='lat' dir='ltr'>imperatorem</span> <span class='ocrx_word' id='word_1_689' title='bbox 783 4171 883 4227; x_wconf 84' lang='lat' dir='ltr'>rebellia</span> <span class='ocrx_word' id='word_1_690' title='bbox 895 4173 1043 4299; x_wconf 51' lang='lat' dir='ltr'>imperator.</span> <span class='ocrx_word' id='word_1_691' title='bbox 1059 4172 1127 4229; x_wconf 77' lang='lat' dir='ltr'>vida</span> <span class='ocrx_word' id='word_1_692' title='bbox 1182 4188 1192 4223; x_wconf 88' lang='lat' dir='ltr'>r</span> <span class='ocrx_word' id='word_1_693' title='bbox 1209 4170 1279 4226; x_wconf 88' lang='lat' dir='ltr'>Petit</span> <span class='ocrx_word' id='word_1_694' title='bbox 1293 4172 1446 4227; x_wconf 87' lang='lat' dir='ltr'>cubiculum</span> <span class='ocrx_word' id='word_1_695' title='bbox 1469 4182 1563 4243; x_wconf 83' lang='lat' dir='ltr'>patens</span> <span class='ocrx_word' id='word_1_696' title='bbox 1584 4169 1711 4243; x_wconf 81' lang='lat' dir='ltr'>reliuuui,</span> <span class='ocrx_word' id='word_1_697' title='bbox 1738 4179 1767 4225; x_wconf 95' lang='grc' dir='ltr'>ιι</span> <span class='ocrx_word' id='word_1_698' title='bbox 1794 4166 1928 4237; x_wconf 64' lang='lat' dir='ltr'>nesslltwil*</span> 
     </span>
     <span class='ocr_line' id='line_1_55' title="bbox 329 4242 1921 4317; baseline -0.004 -18"><span class='ocrx_word' id='word_1_699' title='bbox 329 4254 360 4300; x_wconf 92' lang='lat' dir='ltr'>ut</span> <span class='ocrx_word' id='word_1_700' title='bbox 388 4255 480 4317; x_wconf 79' lang='lat' dir='ltr'>pergat</span> <span class='ocrx_word' id='word_1_701' title='bbox 503 4256 595 4301; x_wconf 84' lang='lat' dir='ltr'>noster</span> <span class='ocrx_word' id='word_1_702' title='bbox 617 4246 650 4301; x_wconf 91' lang='lat' dir='ltr'>ad</span> <span class='ocrx_word' id='word_1_703' title='bbox 673 4246 785 4301; x_wconf 90' lang='lat' dir='ltr'>aliarum</span> <span class='ocrx_word' id='word_1_704' title='bbox 811 4244 897 4313; x_wconf 88' lang='lat' dir='ltr'>purius</span> <span class='ocrx_word' id='word_1_705' title='bbox 942 4245 1125 4315; x_wconf 86' lang='lat' dir='ltr'>ispositionem</span> <span class='ocrx_word' id='word_1_706' title='bbox 1178 4242 1307 4298; x_wconf 90' lang='lat' dir='ltr'>custodiri</span> <span class='ocrx_word' id='word_1_707' title='bbox 1318 4246 1421 4298; x_wconf 75' lang='lat' dir='ltr'>sinat.»</span> <span class='ocrx_word' id='word_1_708' title='bbox 1917 4300 1921 4307; x_wconf 33' lang='grc' dir='ltr'><strong><em>Ι</em></strong></span> 
     </span>
     <span class='ocr_line' id='line_1_56' title="bbox 331 4306 1927 4387; baseline -0.006 -16"><span class='ocrx_word' id='word_1_709' title='bbox 331 4317 484 4387; x_wconf 88' lang='lat' dir='ltr'>respicere,</span> <span class='ocrx_word' id='word_1_710' title='bbox 500 4332 579 4387; x_wconf 83' lang='lat' dir='ltr'>quam</span> <span class='ocrx_word' id='word_1_711' title='bbox 592 4316 625 4371; x_wconf 91' lang='lat' dir='ltr'>ad</span> <span class='ocrx_word' id='word_1_712' title='bbox 639 4316 820 4374; x_wconf 86' lang='lat' dir='ltr'>Galerianum.</span> <span class='ocrx_word' id='word_1_713' title='bbox 844 4316 976 4385; x_wconf 85' lang='lat' dir='ltr'>Oruaioo,</span> <span class='ocrx_word' id='word_1_714' title='bbox 990 4316 1013 4371; x_wconf 91' lang='lat' dir='ltr'>si</span> <span class='ocrx_word' id='word_1_715' title='bbox 1029 4316 1072 4371; x_wconf 86' lang='lat' dir='ltr'>rel</span> <span class='ocrx_word' id='word_1_716' title='bbox 1088 4317 1127 4371; x_wconf 90' lang='lat' dir='ltr'>le·</span> <span class='ocrx_word' id='word_1_717' title='bbox 1216 4312 1358 4370; x_wconf 84' lang='lat' dir='ltr'>Pedicatur</span> <span class='ocrx_word' id='word_1_718' title='bbox 1371 4315 1416 4369; x_wconf 86' lang='lat' dir='ltr'>itia</span> <span class='ocrx_word' id='word_1_719' title='bbox 1431 4315 1566 4385; x_wconf 74' lang='lat' dir='ltr'>facturam,</span> <span class='ocrx_word' id='word_1_720' title='bbox 1582 4324 1606 4369; x_wconf 88' lang='lat' dir='ltr'>et</span> <span class='ocrx_word' id='word_1_721' title='bbox 1620 4315 1699 4383; x_wconf 67' lang='lat' dir='ltr'>reffert</span> <span class='ocrx_word' id='word_1_722' title='bbox 1718 4313 1832 4386; x_wconf 83' lang='lat' dir='ltr'>proriam</span> <span class='ocrx_word' id='word_1_723' title='bbox 1842 4306 1870 4361; x_wconf 88' lang='lat' dir='ltr'>ad</span> <span class='ocrx_word' id='word_1_724' title='bbox 1879 4316 1927 4354; x_wconf 74' lang='grc' dir='ltr'><strong>ιιι·</strong></span> 
     </span>
     <span class='ocr_line' id='line_1_57' title="bbox 320 4380 1928 4465; baseline -0.004 -22"><span class='ocrx_word' id='word_1_725' title='bbox 320 4402 393 4443; x_wconf 85' lang='lat' dir='ltr'>¹cum</span> <span class='ocrx_word' id='word_1_726' title='bbox 417 4389 496 4443; x_wconf 90' lang='lat' dir='ltr'>isturu</span> <span class='ocrx_word' id='word_1_727' title='bbox 512 4390 607 4459; x_wconf 86' lang='lat' dir='ltr'>eapitis</span> <span class='ocrx_word' id='word_1_728' title='bbox 625 4388 678 4443; x_wconf 72' lang='lat' dir='ltr'>ab:</span> <span class='ocrx_word' id='word_1_729' title='bbox 698 4407 707 4440; x_wconf 85' lang='lat' dir='ltr'>r</span> <span class='ocrx_word' id='word_1_730' title='bbox 727 4388 798 4443; x_wconf 85' lang='lat' dir='ltr'>Patri</span> <span class='ocrx_word' id='word_1_731' title='bbox 822 4404 873 4444; x_wconf 90' lang='lat' dir='ltr'>suo</span> <span class='ocrx_word' id='word_1_732' title='bbox 897 4396 973 4459; x_wconf 90' lang='lat' dir='ltr'>post,</span> <span class='ocrx_word' id='word_1_733' title='bbox 1001 4388 1127 4443; x_wconf 88' lang='lat' dir='ltr'>lierculio</span> <span class='ocrx_word' id='word_1_734' title='bbox 1179 4396 1242 4441; x_wconf 87' lang='lat' dir='ltr'>tuat.</span> <span class='ocrx_word' id='word_1_735' title='bbox 1257 4387 1506 4465; x_wconf 70' lang='lat' dir='ltr'>npaaaraiadatimta</span> <span class='ocrx_word' id='word_1_736' title='bbox 1531 4386 1559 4444; x_wconf 83' lang='lat' dir='ltr'>tt</span> <span class='ocrx_word' id='word_1_737' title='bbox 1581 4390 1699 4447; x_wconf 77' lang='grc' dir='ltr'><strong>ιιύστις</strong></span> <span class='ocrx_word' id='word_1_738' title='bbox 1724 4387 1755 4441; x_wconf 84' lang='grc' dir='ltr'>τὸ</span> <span class='ocrx_word' id='word_1_739' title='bbox 1771 4380 1928 4459; x_wconf 49' lang='lat' dir='ltr'>matur-iaus:</span> 
     </span>
     <span class='ocr_line' id='line_1_58' title="bbox 332 4457 1930 4533; baseline 0.001 -18"><span class='ocrx_word' id='word_1_740' title='bbox 332 4458 451 4527; x_wconf 85' lang='lat' dir='ltr'>scilicet,</span> <span class='ocrx_word' id='word_1_741' title='bbox 463 4460 614 4527; x_wconf 88' lang='lat' dir='ltr'>depositum</span> <span class='ocrx_word' id='word_1_742' title='bbox 632 4460 773 4531; x_wconf 87' lang='lat' dir='ltr'>imperium</span> <span class='ocrx_word' id='word_1_743' title='bbox 789 4460 815 4514; x_wconf 92' lang='lat' dir='ltr'>ia</span> <span class='ocrx_word' id='word_1_744' title='bbox 829 4458 974 4531; x_wconf 86' lang='lat' dir='ltr'>Campania</span> <span class='ocrx_word' id='word_1_745' title='bbox 989 4461 1104 4514; x_wconf 89' lang='lat' dir='ltr'>moranti</span> <span class='ocrx_word' id='word_1_746' title='bbox 1118 4502 1126 4525; x_wconf 94' lang='lat'>,</span> <span class='ocrx_word' id='word_1_747' title='bbox 1178 4462 1222 4514; x_wconf 78' lang='grc' dir='ltr'>καὶ</span> <span class='ocrx_word' id='word_1_748' title='bbox 1235 4467 1272 4529; x_wconf 85' lang='grc' dir='ltr'>τῷ</span> <span class='ocrx_word' id='word_1_749' title='bbox 1285 4464 1467 4533; x_wconf 69' lang='lat' dir='ltr'>aberrantium</span> <span class='ocrx_word' id='word_1_750' title='bbox 1478 4468 1555 4515; x_wconf 83' lang='grc' dir='ltr'><strong>τοῦτο</strong></span> <span class='ocrx_word' id='word_1_751' title='bbox 1580 4460 1745 4533; x_wconf 68' lang='lat' dir='ltr'>amaedeus,</span> <span class='ocrx_word' id='word_1_752' title='bbox 1762 4457 1897 4532; x_wconf 66' lang='grc' dir='ltr'><strong>ἀποιΰμῐιιῐ</strong></span> <span class='ocrx_word' id='word_1_753' title='bbox 1906 4463 1930 4527; x_wconf 61' lang='lat'>²2³¹</span> 
     </span>
     <span class='ocr_line' id='line_1_59' title="bbox 332 4529 1928 4611; baseline -0.001 -26"><span class='ocrx_word' id='word_1_754' title='bbox 332 4529 504 4603; x_wconf 81' lang='lat' dir='ltr'>(Maxentius)</span> <span class='ocrx_word' id='word_1_755' title='bbox 522 4546 663 4601; x_wconf 89' lang='lat' dir='ltr'>purpuram</span> <span class='ocrx_word' id='word_1_756' title='bbox 687 4532 784 4595; x_wconf 91' lang='lat' dir='ltr'>mittit,</span> <span class='ocrx_word' id='word_1_757' title='bbox 809 4530 892 4587; x_wconf 88' lang='lat' dir='ltr'>ethis</span> <span class='ocrx_word' id='word_1_758' title='bbox 915 4529 1064 4597; x_wconf 73' lang='lat' dir='ltr'>Augustum</span> <span class='ocrx_word' id='word_1_759' title='bbox 1080 4547 1127 4587; x_wconf 94' lang='lat' dir='ltr'>uo-</span> <span class='ocrx_word' id='word_1_760' title='bbox 1178 4538 1216 4605; x_wconf 85' lang='grc' dir='ltr'>τῷ</span> <span class='ocrx_word' id='word_1_761' title='bbox 1235 4532 1337 4586; x_wconf 81' lang='grc' dir='ltr'><strong>πάντων</strong></span> <span class='ocrx_word' id='word_1_762' title='bbox 1358 4532 1472 4588; x_wconf 75' lang='grc' dir='ltr'>ἐκπεσεῖν</span> <span class='ocrx_word' id='word_1_763' title='bbox 1485 4530 1625 4611; x_wconf 62' lang='lat' dir='ltr'>aptabitur</span> <span class='ocrx_word' id='word_1_764' title='bbox 1636 4531 1706 4603; x_wconf 79' lang='grc' dir='ltr'>νόσῳ</span> <span class='ocrx_word' id='word_1_765' title='bbox 1727 4531 1794 4585; x_wconf 75' lang='grc' dir='ltr'><strong><em>κατὰ</em></strong></span> <span class='ocrx_word' id='word_1_766' title='bbox 1807 4532 1846 4584; x_wconf 76' lang='grc' dir='ltr'>τι</span> <span class='ocrx_word' id='word_1_767' title='bbox 1863 4532 1928 4592; x_wconf 65' lang='lat' dir='ltr'>isaii&lt;</span> 
     </span>
     <span class='ocr_line' id='line_1_60' title="bbox 334 4593 1929 4672; baseline -0.008 -16"><span class='ocrx_word' id='word_1_768' title='bbox 334 4602 432 4667; x_wconf 89' lang='lat' dir='ltr'>rttinat,</span> <span class='ocrx_word' id='word_1_769' title='bbox 446 4618 506 4657; x_wconf 87' lang='lat' dir='ltr'>curo</span> <span class='ocrx_word' id='word_1_770' title='bbox 522 4600 573 4656; x_wconf 91' lang='lat' dir='ltr'>lroc</span> <span class='ocrx_word' id='word_1_771' title='bbox 587 4603 680 4672; x_wconf 85' lang='lat' dir='ltr'>capitis</span> <span class='ocrx_word' id='word_1_772' title='bbox 694 4602 746 4669; x_wconf 66' lang='grc' dir='ltr'>δι,</span> <span class='ocrx_word' id='word_1_773' title='bbox 761 4603 908 4658; x_wconf 89' lang='lat' dir='ltr'>contuleris</span> <span class='ocrx_word' id='word_1_774' title='bbox 929 4620 935 4655; x_wconf 95' lang='lat'><strong>:</strong></span> <span class='ocrx_word' id='word_1_775' title='bbox 951 4594 1045 4658; x_wconf 79' lang='lat' dir='ltr'>Victus</span> <span class='ocrx_word' id='word_1_776' title='bbox 1059 4616 1124 4659; x_wconf 93' lang='lat' dir='ltr'>con·</span> <span class='ocrx_word' id='word_1_777' title='bbox 1179 4602 1338 4662; x_wconf 70' lang='grc' dir='ltr'><strong>ιτειιύτιιι.</strong></span> <span class='ocrx_word' id='word_1_778' title='bbox 1355 4603 1438 4660; x_wconf 90' lang='lat' dir='ltr'>llectc</span> <span class='ocrx_word' id='word_1_779' title='bbox 1461 4604 1517 4660; x_wconf 81' lang='lat' dir='ltr'>luae</span> <span class='ocrx_word' id='word_1_780' title='bbox 1536 4603 1571 4657; x_wconf 92' lang='lat' dir='ltr'>dc</span> <span class='ocrx_word' id='word_1_781' title='bbox 1596 4602 1700 4656; x_wconf 83' lang='lat' dir='ltr'>insidiis</span> <span class='ocrx_word' id='word_1_782' title='bbox 1718 4600 1836 4655; x_wconf 83' lang='lat' dir='ltr'>animus</span> <span class='ocrx_word' id='word_1_783' title='bbox 1847 4610 1853 4648; x_wconf 89' lang='lat'>:</span> <span class='ocrx_word' id='word_1_784' title='bbox 1866 4593 1929 4663; x_wconf 70' lang='lat' dir='ltr'>seddi</span> 
     </span>
     <span class='ocr_line' id='line_1_61' title="bbox 334 4648 1928 4745; baseline -0.013 -16"><span class='ocrx_word' id='word_1_785' title='bbox 334 4676 449 4729; x_wconf 88' lang='lat' dir='ltr'>tuataeia</span> <span class='ocrx_word' id='word_1_786' title='bbox 463 4672 609 4745; x_wconf 85' lang='lat' dir='ltr'>(Galerius)</span> <span class='ocrx_word' id='word_1_787' title='bbox 625 4674 695 4729; x_wconf 89' lang='lat' dir='ltr'>tollit</span> <span class='ocrx_word' id='word_1_788' title='bbox 709 4676 846 4729; x_wconf 78' lang='lat' dir='ltr'>Causarum</span> <span class='ocrx_word' id='word_1_789' title='bbox 862 4688 960 4729; x_wconf 87' lang='lat' dir='ltr'>nornen</span> <span class='ocrx_word' id='word_1_790' title='bbox 974 4713 981 4739; x_wconf 94' lang='lat'>,</span> <span class='ocrx_word' id='word_1_791' title='bbox 997 4684 1024 4729; x_wconf 94' lang='grc' dir='ltr'>ιι</span> <span class='ocrx_word' id='word_1_792' title='bbox 1039 4689 1069 4730; x_wconf 91' lang='lat' dir='ltr'>se</span> <span class='ocrx_word' id='word_1_793' title='bbox 1082 4673 1127 4730; x_wconf 82' lang='lat' dir='ltr'>tr·</span> <span class='ocrx_word' id='word_1_794' title='bbox 1140 4648 1166 4708; x_wconf 76' lang='lat' dir='ltr'><strong>D</strong></span> <span class='ocrx_word' id='word_1_795' title='bbox 1179 4674 1243 4730; x_wconf 91' lang='lat' dir='ltr'>oiitu</span> <span class='ocrx_word' id='word_1_796' title='bbox 1257 4676 1454 4743; x_wconf 82' lang='lat' dir='ltr'>annotavimus,</span> <span class='ocrx_word' id='word_1_797' title='bbox 1474 4673 1615 4731; x_wconf 77' lang='lat' dir='ltr'>confundit</span> <span class='ocrx_word' id='word_1_798' title='bbox 1637 4673 1790 4729; x_wconf 87' lang='lat' dir='ltr'>ilereuiiunt</span> <span class='ocrx_word' id='word_1_799' title='bbox 1809 4682 1860 4723; x_wconf 88' lang='lat' dir='ltr'>enta</span> <span class='ocrx_word' id='word_1_800' title='bbox 1877 4660 1928 4715; x_wconf 80' lang='grc' dir='ltr'><strong>ιιι·</strong></span> 
     </span>
     <span class='ocr_line' id='line_1_62' title="bbox 332 4741 1928 4816; baseline -0.003 -16"><span class='ocrx_word' id='word_1_801' title='bbox 332 4744 485 4815; x_wconf 82' lang='lat' dir='ltr'>eiulatuque</span> <span class='ocrx_word' id='word_1_802' title='bbox 497 4749 631 4816; x_wconf 76' lang='lat' dir='ltr'>dugrrstos</span> <span class='ocrx_word' id='word_1_803' title='bbox 644 4745 770 4816; x_wconf 88' lang='lat' dir='ltr'>appellat,</span> <span class='ocrx_word' id='word_1_804' title='bbox 783 4744 943 4801; x_wconf 83' lang='lat' dir='ltr'>Maxentium</span> <span class='ocrx_word' id='word_1_805' title='bbox 956 4754 983 4799; x_wconf 92' lang='lat' dir='ltr'>et</span> <span class='ocrx_word' id='word_1_806' title='bbox 995 4743 1128 4801; x_wconf 86' lang='lat' dir='ltr'>Constarr-</span> <span class='ocrx_word' id='word_1_807' title='bbox 1180 4747 1254 4801; x_wconf 87' lang='lat' dir='ltr'>raino</span> <span class='ocrx_word' id='word_1_808' title='bbox 1266 4745 1334 4799; x_wconf 84' lang='lat' dir='ltr'>Daza</span> <span class='ocrx_word' id='word_1_809' title='bbox 1344 4788 1352 4815; x_wconf 88' lang='lat'>,</span> <span class='ocrx_word' id='word_1_810' title='bbox 1364 4762 1443 4815; x_wconf 82' lang='lat' dir='ltr'>urtam</span> <span class='ocrx_word' id='word_1_811' title='bbox 1465 4746 1580 4816; x_wconf 88' lang='lat' dir='ltr'>simplici</span> <span class='ocrx_word' id='word_1_812' title='bbox 1594 4754 1682 4799; x_wconf 89' lang='lat' dir='ltr'>morte</span> <span class='ocrx_word' id='word_1_813' title='bbox 1702 4745 1774 4813; x_wconf 87' lang='lat' dir='ltr'>apud</span> <span class='ocrx_word' id='word_1_814' title='bbox 1788 4741 1882 4796; x_wconf 73' lang='lat' dir='ltr'>laudm</span> <span class='ocrx_word' id='word_1_815' title='bbox 1891 4741 1928 4799; x_wconf 62' lang='lat' dir='ltr'>ill</span> 
     </span>
     <span class='ocr_line' id='line_1_63' title="bbox 333 4807 1927 4888; baseline -0.003 -17"><span class='ocrx_word' id='word_1_816' title='bbox 333 4818 419 4871; x_wconf 92' lang='lat' dir='ltr'>tinum</span> <span class='ocrx_word' id='word_1_817' title='bbox 434 4818 501 4873; x_wconf 87' lang='lat' dir='ltr'>lilios</span> <span class='ocrx_word' id='word_1_818' title='bbox 515 4818 710 4888; x_wconf 72' lang='lat' dir='ltr'>,linguatorum</span> <span class='ocrx_word' id='word_1_819' title='bbox 730 4836 740 4871; x_wconf 86' lang='lat' dir='ltr'>t</span> <span class='ocrx_word' id='word_1_820' title='bbox 764 4816 896 4885; x_wconf 72' lang='lat' dir='ltr'>intelliges</span> <span class='ocrx_word' id='word_1_821' title='bbox 910 4816 994 4879; x_wconf 88' lang='lat' dir='ltr'>adeo,</span> <span class='ocrx_word' id='word_1_822' title='bbox 1012 4832 1065 4872; x_wconf 89' lang='lat' dir='ltr'>uon</span> <span class='ocrx_word' id='word_1_823' title='bbox 1080 4819 1129 4872; x_wconf 91' lang='lat' dir='ltr'>lta·</span> <span class='ocrx_word' id='word_1_824' title='bbox 1180 4818 1245 4873; x_wconf 91' lang='lat' dir='ltr'>iisse</span> <span class='ocrx_word' id='word_1_825' title='bbox 1266 4826 1379 4873; x_wconf 87' lang='lat' dir='ltr'>testatur</span> <span class='ocrx_word' id='word_1_826' title='bbox 1401 4818 1525 4888; x_wconf 80' lang='lat' dir='ltr'>Epirotae</span> <span class='ocrx_word' id='word_1_827' title='bbox 1548 4816 1674 4872; x_wconf 85' lang='lat' dir='ltr'>Victoris.</span> <span class='ocrx_word' id='word_1_828' title='bbox 1690 4815 1744 4872; x_wconf 88' lang='lat' dir='ltr'>Sed</span> <span class='ocrx_word' id='word_1_829' title='bbox 1759 4815 1792 4871; x_wconf 90' lang='lat' dir='ltr'>de</span> <span class='ocrx_word' id='word_1_830' title='bbox 1809 4811 1854 4867; x_wconf 84' lang='lat' dir='ltr'>bot</span> <span class='ocrx_word' id='word_1_831' title='bbox 1871 4807 1927 4876; x_wconf 76' lang='lat' dir='ltr'>pata</span> 
     </span>
     <span class='ocr_line' id='line_1_64' title="bbox 332 4887 1887 4959; baseline -0.003 -14"><span class='ocrx_word' id='word_1_832' title='bbox 332 4887 418 4945; x_wconf 88' lang='lat' dir='ltr'>bitum</span> <span class='ocrx_word' id='word_1_833' title='bbox 433 4889 516 4945; x_wconf 81' lang='lat' dir='ltr'>fuisse</span> <span class='ocrx_word' id='word_1_834' title='bbox 530 4904 579 4959; x_wconf 89' lang='lat' dir='ltr'>per</span> <span class='ocrx_word' id='word_1_835' title='bbox 594 4890 652 4957; x_wconf 89' lang='lat' dir='ltr'>plus</span> <span class='ocrx_word' id='word_1_836' title='bbox 668 4890 756 4945; x_wconf 92' lang='lat' dir='ltr'>uriaus</span> <span class='ocrx_word' id='word_1_837' title='bbox 772 4888 900 4959; x_wconf 88' lang='lat' dir='ltr'>temporis</span> <span class='ocrx_word' id='word_1_838' title='bbox 915 4888 1068 4944; x_wconf 90' lang='lat' dir='ltr'>lierculium</span> <span class='ocrx_word' id='word_1_839' title='bbox 1081 4906 1128 4959; x_wconf 91' lang='lat' dir='ltr'>pro</span> <span class='ocrx_word' id='word_1_840' title='bbox 1180 4888 1338 4945; x_wconf 80' lang='lat' dir='ltr'>ridentum.</span> <span class='ocrx_word' id='word_1_841' title='bbox 1353 4889 1441 4945; x_wconf 84' lang='lat' dir='ltr'>Editio</span> <span class='ocrx_word' id='word_1_842' title='bbox 1451 4891 1539 4945; x_wconf 81' lang='lat' dir='ltr'>bron.</span> <span class='ocrx_word' id='word_1_843' title='bbox 1553 4897 1580 4945; x_wconf 89' lang='lat' dir='ltr'>et</span> <span class='ocrx_word' id='word_1_844' title='bbox 1591 4888 1670 4943; x_wconf 85' lang='lat' dir='ltr'>Cant.</span> <span class='ocrx_word' id='word_1_845' title='bbox 1883 4947 1887 4957; x_wconf 37' lang='lat'>¹</span> 
     </span>
     <span class='ocr_line' id='line_1_65' title="bbox 333 4954 1927 5034; baseline -0.004 -18"><span class='ocrx_word' id='word_1_846' title='bbox 333 4960 663 5031; x_wconf 86' lang='lat' dir='ltr'>irupenrtoreaGalerio,</span> <span class='ocrx_word' id='word_1_847' title='bbox 679 4973 706 5017; x_wconf 94' lang='lat' dir='ltr'>ut</span> <span class='ocrx_word' id='word_1_848' title='bbox 722 4962 748 5017; x_wconf 90' lang='lat' dir='ltr'>iu</span> <span class='ocrx_word' id='word_1_849' title='bbox 764 4962 814 5016; x_wconf 90' lang='lat' dir='ltr'>ista</span> <span class='ocrx_word' id='word_1_850' title='bbox 832 4960 888 5017; x_wconf 86' lang='lat' dir='ltr'>iere</span> <span class='ocrx_word' id='word_1_851' title='bbox 913 4960 1006 5017; x_wconf 87' lang='lat' dir='ltr'>ultima</span> <span class='ocrx_word' id='word_1_852' title='bbox 1028 4960 1128 5018; x_wconf 84' lang='lat' dir='ltr'>Galerii</span> <span class='ocrx_word' id='word_1_853' title='bbox 1218 4960 1307 5032; x_wconf 67' lang='lat' dir='ltr'>Refert</span> <span class='ocrx_word' id='word_1_854' title='bbox 1326 4962 1444 5034; x_wconf 82' lang='lat' dir='ltr'>protinus</span> <span class='ocrx_word' id='word_1_855' title='bbox 1475 4962 1510 5017; x_wconf 86' lang='lat' dir='ltr'>ad</span> <span class='ocrx_word' id='word_1_856' title='bbox 1540 4960 1670 5015; x_wconf 86' lang='lat' dir='ltr'>nturituat.</span> <span class='ocrx_word' id='word_1_857' title='bbox 1706 4958 1749 5014; x_wconf 77' lang='lat' dir='ltr'>Ad</span> <span class='ocrx_word' id='word_1_858' title='bbox 1771 4954 1927 5013; x_wconf 71' lang='lat' dir='ltr'>concertant</span> 
     </span>
     <span class='ocr_line' id='line_1_66' title="bbox 334 5032 1885 5104; baseline -0.001 -15"><span class='ocrx_word' id='word_1_859' title='bbox 334 5033 510 5104; x_wconf 86' lang='lat' dir='ltr'>dispositione</span> <span class='ocrx_word' id='word_1_860' title='bbox 532 5033 604 5089; x_wconf 88' lang='lat' dir='ltr'>uuila</span> <span class='ocrx_word' id='word_1_861' title='bbox 625 5032 802 5090; x_wconf 88' lang='lat' dir='ltr'>datilerculii</span> <span class='ocrx_word' id='word_1_862' title='bbox 827 5033 948 5102; x_wconf 87' lang='lat' dir='ltr'>mentio,</span> <span class='ocrx_word' id='word_1_863' title='bbox 976 5033 1075 5090; x_wconf 89' lang='lat' dir='ltr'>nedum</span> <span class='ocrx_word' id='word_1_864' title='bbox 1101 5044 1130 5089; x_wconf 90' lang='lat' dir='ltr'>nt</span> <span class='ocrx_word' id='word_1_865' title='bbox 1182 5032 1376 5090; x_wconf 79' lang='lat' dir='ltr'>lltucaorxrus.</span> <span class='ocrx_word' id='word_1_866' title='bbox 1880 5090 1885 5101; x_wconf 72' lang='grc'><strong>,</strong></span> 
     </span>
     <span class='ocr_line' id='line_1_67' title="bbox 334 5097 1964 5177; baseline -0.007 -16"><span class='ocrx_word' id='word_1_867' title='bbox 334 5106 513 5177; x_wconf 85' lang='lat' dir='ltr'>imperatoris.</span> <span class='ocrx_word' id='word_1_868' title='bbox 1220 5106 1279 5171; x_wconf 85' lang='lat' dir='ltr'>Qua</span> <span class='ocrx_word' id='word_1_869' title='bbox 1290 5106 1425 5175; x_wconf 71' lang='lat' dir='ltr'>ntattiieato</span> <span class='ocrx_word' id='word_1_870' title='bbox 1438 5104 1540 5175; x_wconf 72' lang='lat' dir='ltr'>[adnue</span> <span class='ocrx_word' id='word_1_871' title='bbox 1552 5112 1688 5158; x_wconf 83' lang='lat' dir='ltr'>teneretur.</span> <span class='ocrx_word' id='word_1_872' title='bbox 1704 5100 1801 5164; x_wconf 88' lang='lat' dir='ltr'>lialim,</span> <span class='ocrx_word' id='word_1_873' title='bbox 1814 5097 1836 5150; x_wconf 93' lang='lat' dir='ltr'>in</span> <span class='ocrx_word' id='word_1_874' title='bbox 1845 5098 1927 5165; x_wconf 72' lang='lat' dir='ltr'>spnut.</span> <span class='ocrx_word' id='word_1_875' title='bbox 1963 5123 1964 5174; x_wconf 64' lang='lat' dir='ltr'>t</span> 
     </span>
     <span class='ocr_line' id='line_1_68' title="bbox 371 5170 1964 5253; baseline -0.01 -19"><span class='ocrx_word' id='word_1_876' title='bbox 371 5179 450 5234; x_wconf 86' lang='lat' dir='ltr'>Pater</span> <span class='ocrx_word' id='word_1_877' title='bbox 468 5178 573 5253; x_wconf 75' lang='lat' dir='ltr'>impius.</span> <span class='ocrx_word' id='word_1_878' title='bbox 596 5177 675 5233; x_wconf 84' lang='lat' dir='ltr'>Pater</span> <span class='ocrx_word' id='word_1_879' title='bbox 698 5192 812 5248; x_wconf 88' lang='lat' dir='ltr'>nempe,</span> <span class='ocrx_word' id='word_1_880' title='bbox 838 5178 1000 5249; x_wconf 81' lang='lat' dir='ltr'>proprieque</span> <span class='ocrx_word' id='word_1_881' title='bbox 1022 5176 1127 5241; x_wconf 89' lang='lat' dir='ltr'>dictus,</span> <span class='ocrx_word' id='word_1_882' title='bbox 1182 5177 1309 5234; x_wconf 82' lang='lat' dir='ltr'>Teucrus.</span> <span class='ocrx_word' id='word_1_883' title='bbox 1324 5177 1400 5245; x_wconf 83' lang='lat' dir='ltr'>Quod</span> <span class='ocrx_word' id='word_1_884' title='bbox 1414 5176 1620 5233; x_wconf 84' lang='lat' dir='ltr'>etllaucroirio</span> <span class='ocrx_word' id='word_1_885' title='bbox 1634 5175 1740 5229; x_wconf 81' lang='lat' dir='ltr'>ridetur</span> <span class='ocrx_word' id='word_1_886' title='bbox 1755 5174 1781 5226; x_wconf 90' lang='lat' dir='ltr'>in</span> <span class='ocrx_word' id='word_1_887' title='bbox 1801 5170 1928 5225; x_wconf 63' lang='lat' dir='ltr'>maurenti·</span> <span class='ocrx_word' id='word_1_888' title='bbox 1963 5203 1964 5230; x_wconf 68' lang='lat'>,</span> 
     </span>
     <span class='ocr_line' id='line_1_69' title="bbox 334 5233 1929 5321; baseline -0.011 -14"><span class='ocrx_word' id='word_1_889' title='bbox 334 5250 439 5307; x_wconf 89' lang='lat' dir='ltr'>ratione</span> <span class='ocrx_word' id='word_1_890' title='bbox 466 5251 526 5306; x_wconf 79' lang='lat' dir='ltr'>idue</span> <span class='ocrx_word' id='word_1_891' title='bbox 549 5250 672 5317; x_wconf 73' lang='lat' dir='ltr'>Faustae,</span> <span class='ocrx_word' id='word_1_892' title='bbox 698 5264 777 5321; x_wconf 85' lang='lat' dir='ltr'>qtraru</span> <span class='ocrx_word' id='word_1_893' title='bbox 803 5250 992 5305; x_wconf 83' lang='lat' dir='ltr'>Cotrstautinus</span> <span class='ocrx_word' id='word_1_894' title='bbox 1018 5263 1130 5304; x_wconf 82' lang='lat' dir='ltr'>uxorem</span> <span class='ocrx_word' id='word_1_895' title='bbox 1182 5249 1266 5303; x_wconf 90' lang='lat' dir='ltr'>nisse.</span> <span class='ocrx_word' id='word_1_896' title='bbox 1282 5248 1435 5321; x_wconf 81' lang='lat' dir='ltr'>(indispase</span> <span class='ocrx_word' id='word_1_897' title='bbox 1448 5258 1530 5303; x_wconf 84' lang='lat' dir='ltr'>taurea</span> <span class='ocrx_word' id='word_1_898' title='bbox 1543 5249 1632 5300; x_wconf 86' lang='lat' dir='ltr'>eiaoaes</span> <span class='ocrx_word' id='word_1_899' title='bbox 1646 5233 1929 5318; x_wconf 56' lang='lat' dir='ltr'>poursurprendreltnss·</span> 
     </span>
     <span class='ocr_line' id='line_1_70' title="bbox 335 5296 1927 5395; baseline -0.008 -18"><span class='ocrx_word' id='word_1_900' title='bbox 335 5323 449 5378; x_wconf 83' lang='lat' dir='ltr'>dtuerat</span> <span class='ocrx_word' id='word_1_901' title='bbox 467 5344 472 5378; x_wconf 97' lang='lat'><strong>:</strong></span> <span class='ocrx_word' id='word_1_902' title='bbox 489 5322 589 5395; x_wconf 75' lang='lat' dir='ltr'>irnpfus</span> <span class='ocrx_word' id='word_1_903' title='bbox 603 5332 711 5383; x_wconf 86' lang='lat' dir='ltr'>autent,</span> <span class='ocrx_word' id='word_1_904' title='bbox 735 5322 759 5374; x_wconf 93' lang='lat' dir='ltr'>id</span> <span class='ocrx_word' id='word_1_905' title='bbox 781 5334 839 5387; x_wconf 84' lang='lat' dir='ltr'>est,</span> <span class='ocrx_word' id='word_1_906' title='bbox 855 5321 991 5388; x_wconf 89' lang='lat' dir='ltr'>crudelis,</span> <span class='ocrx_word' id='word_1_907' title='bbox 1008 5322 1130 5375; x_wconf 89' lang='lat' dir='ltr'>inbuuta·</span> <span class='ocrx_word' id='word_1_908' title='bbox 1183 5320 1308 5390; x_wconf 79' lang='lat' dir='ltr'>puerant</span> <span class='ocrx_word' id='word_1_909' title='bbox 1319 5336 1354 5373; x_wconf 92' lang='lat' dir='ltr'>uu</span> <span class='ocrx_word' id='word_1_910' title='bbox 1367 5329 1470 5375; x_wconf 81' lang='grc' dir='ltr'><strong>ιιιιιιιι</strong></span> <span class='ocrx_word' id='word_1_911' title='bbox 1488 5319 1682 5389; x_wconf 68' lang='lat' dir='ltr'>tumescere-</span> <span class='ocrx_word' id='word_1_912' title='bbox 1696 5315 1850 5372; x_wconf 72' lang='lat' dir='ltr'>Praefertur,</span> <span class='ocrx_word' id='word_1_913' title='bbox 1863 5320 1880 5359; x_wconf 73' lang='grc' dir='ltr'>ιι</span> <span class='ocrx_word' id='word_1_914' title='bbox 1890 5296 1927 5391; x_wconf 63' lang='lat' dir='ltr'>illl</span> 
     </span>
     <span class='ocr_line' id='line_1_71' title="bbox 335 5386 1928 5466; baseline -0.01 -17"><span class='ocrx_word' id='word_1_915' title='bbox 335 5410 401 5463; x_wconf 88' lang='lat' dir='ltr'>uus,</span> <span class='ocrx_word' id='word_1_916' title='bbox 415 5394 625 5459; x_wconf 87' lang='lat' dir='ltr'>immisericors,</span> <span class='ocrx_word' id='word_1_917' title='bbox 648 5394 718 5449; x_wconf 91' lang='lat' dir='ltr'>sieut</span> <span class='ocrx_word' id='word_1_918' title='bbox 740 5404 832 5447; x_wconf 79' lang='lat' dir='ltr'>etrutra</span> <span class='ocrx_word' id='word_1_919' title='bbox 847 5394 905 5465; x_wconf 82' lang='lat' dir='ltr'>pius</span> <span class='ocrx_word' id='word_1_920' title='bbox 920 5404 992 5466; x_wconf 84' lang='lat' dir='ltr'>pater</span> <span class='ocrx_word' id='word_1_921' title='bbox 1007 5393 1041 5447; x_wconf 93' lang='lat' dir='ltr'>dc</span> <span class='ocrx_word' id='word_1_922' title='bbox 1055 5402 1132 5462; x_wconf 92' lang='lat' dir='ltr'>parre</span> <span class='ocrx_word' id='word_1_923' title='bbox 1183 5402 1256 5447; x_wconf 88' lang='lat' dir='ltr'>esset</span> <span class='ocrx_word' id='word_1_924' title='bbox 1266 5391 1475 5458; x_wconf 88' lang='lat' dir='ltr'>euretrdarrdnm,</span> <span class='ocrx_word' id='word_1_925' title='bbox 1491 5408 1542 5460; x_wconf 81' lang='lat' dir='ltr'>aua</span> <span class='ocrx_word' id='word_1_926' title='bbox 1552 5390 1688 5460; x_wconf 75' lang='lat' dir='ltr'>ntanisesta</span> <span class='ocrx_word' id='word_1_927' title='bbox 1705 5387 1855 5460; x_wconf 64' lang='lat' dir='ltr'>[adnotarat</span> <span class='ocrx_word' id='word_1_928' title='bbox 1866 5386 1928 5445; x_wconf 76' lang='lat' dir='ltr'>tarr</span> 
     </span>
     <span class='ocr_line' id='line_1_72' title="bbox 336 5454 1929 5538; baseline -0.004 -17"><span class='ocrx_word' id='word_1_929' title='bbox 336 5467 463 5538; x_wconf 74' lang='lat' dir='ltr'>benigno,</span> <span class='ocrx_word' id='word_1_930' title='bbox 478 5468 595 5524; x_wconf 87' lang='lat' dir='ltr'>ltutttano</span> <span class='ocrx_word' id='word_1_931' title='bbox 622 5476 648 5522; x_wconf 91' lang='grc' dir='ltr'>ιι</span> <span class='ocrx_word' id='word_1_932' title='bbox 665 5465 840 5521; x_wconf 86' lang='lat' dir='ltr'>misericorde</span> <span class='ocrx_word' id='word_1_933' title='bbox 853 5474 1004 5533; x_wconf 89' lang='lat' dir='ltr'>usurpatur.</span> <span class='ocrx_word' id='word_1_934' title='bbox 1015 5461 1129 5518; x_wconf 88' lang='lat' dir='ltr'>Cicero:</span> <span class='ocrx_word' id='word_1_935' title='bbox 1184 5474 1237 5518; x_wconf 86' lang='lat' dir='ltr'>rur.</span> <span class='ocrx_word' id='word_1_936' title='bbox 1253 5462 1298 5519; x_wconf 85' lang='lat' dir='ltr'>Sic</span> <span class='ocrx_word' id='word_1_937' title='bbox 1318 5465 1390 5518; x_wconf 90' lang='lat' dir='ltr'>enirn</span> <span class='ocrx_word' id='word_1_938' title='bbox 1405 5461 1501 5518; x_wconf 84' lang='lat' dir='ltr'>Cicero</span> <span class='ocrx_word' id='word_1_939' title='bbox 1520 5463 1547 5518; x_wconf 82' lang='lat'>5.</span> <span class='ocrx_word' id='word_1_940' title='bbox 1567 5461 1643 5516; x_wconf 75' lang='lat' dir='ltr'>verr.</span> <span class='ocrx_word' id='word_1_941' title='bbox 1660 5459 1776 5514; x_wconf 79' lang='lat' dir='ltr'>Tenea...</span> <span class='ocrx_word' id='word_1_942' title='bbox 1793 5460 1862 5528; x_wconf 75' lang='lat' dir='ltr'>{tren</span> <span class='ocrx_word' id='word_1_943' title='bbox 1877 5454 1929 5514; x_wconf 66' lang='lat' dir='ltr'>,aar</span> 
     </span>
    </p>
   </div>
   <div class='ocr_carea' id='block_1_3' title="bbox 337 5516 1927 5664">
    <p class='ocr_par' dir='ltr' id='par_1_3' title="bbox 337 5516 1927 5664">
     <span class='ocr_line' id='line_1_73' title="bbox 337 5516 1927 5664; baseline -0.009 -70"><span class='ocrx_word' id='word_1_944' title='bbox 337 5536 399 5594; x_wconf 83' lang='lat' dir='ltr'>Nea</span> <span class='ocrx_word' id='word_1_945' title='bbox 411 5556 483 5594; x_wconf 85' lang='lat' dir='ltr'>secut</span> <span class='ocrx_word' id='word_1_946' title='bbox 497 5542 523 5594; x_wconf 90' lang='lat' dir='ltr'>itt</span> <span class='ocrx_word' id='word_1_947' title='bbox 538 5555 580 5593; x_wconf 84' lang='lat' dir='ltr'>mc</span> <span class='ocrx_word' id='word_1_948' title='bbox 589 5540 651 5664; x_wconf 59' lang='lat' dir='ltr'>pins</span> <span class='ocrx_word' id='word_1_949' title='bbox 662 5580 669 5605; x_wconf 94' lang='lat'>,</span> <span class='ocrx_word' id='word_1_950' title='bbox 681 5552 759 5609; x_wconf 84' lang='lat' dir='ltr'>quam</span> <span class='ocrx_word' id='word_1_951' title='bbox 773 5547 844 5607; x_wconf 82' lang='lat' dir='ltr'>pater</span> <span class='ocrx_word' id='word_1_952' title='bbox 865 5536 892 5590; x_wconf 90' lang='lat' dir='ltr'>in</span> <span class='ocrx_word' id='word_1_953' title='bbox 907 5536 975 5605; x_wconf 79' lang='lat' dir='ltr'>filies</span> <span class='ocrx_word' id='word_1_954' title='bbox 997 5550 1004 5589; x_wconf 92' lang='lat'>:</span> <span class='ocrx_word' id='word_1_955' title='bbox 1028 5542 1058 5588; x_wconf 89' lang='lat' dir='ltr'>ut</span> <span class='ocrx_word' id='word_1_956' title='bbox 1078 5549 1131 5589; x_wconf 90' lang='lat' dir='ltr'>nen</span> <span class='ocrx_word' id='word_1_957' title='bbox 1183 5539 1248 5607; x_wconf 70' lang='lat' dir='ltr'>[mia</span> <span class='ocrx_word' id='word_1_958' title='bbox 1258 5543 1409 5589; x_wconf 70' lang='lat' dir='ltr'>armantem</span> <span class='ocrx_word' id='word_1_959' title='bbox 1419 5551 1473 5588; x_wconf 89' lang='lat' dir='ltr'>rem</span> <span class='ocrx_word' id='word_1_960' title='bbox 1484 5534 1678 5605; x_wconf 78' lang='lat' dir='ltr'>fruttteatariam</span> <span class='ocrx_word' id='word_1_961' title='bbox 1690 5546 1798 5585; x_wconf 83' lang='lat' dir='ltr'>amttam.</span> <span class='ocrx_word' id='word_1_962' title='bbox 1811 5523 1854 5581; x_wconf 84' lang='lat' dir='ltr'>Sed</span> <span class='ocrx_word' id='word_1_963' title='bbox 1869 5516 1899 5586; x_wconf 65' lang='lat' dir='ltr'>til</span> <span class='ocrx_word' id='word_1_964' title='bbox 1912 5525 1927 5590; x_wconf 86' lang='lat' dir='ltr'>u</span> 
     </span>
    </p>
   </div>
   <div class='ocr_carea' id='block_1_4' title="bbox 336 5586 1929 5838">
    <p class='ocr_par' dir='ltr' id='par_1_4' title="bbox 336 5586 1929 5838">
     <span class='ocr_line' id='line_1_74' title="bbox 337 5586 1929 5697; baseline -0.018 -30"><span class='ocrx_word' id='word_1_965' title='bbox 337 5610 453 5697; x_wconf 87' lang='lat' dir='ltr'>preinde</span> <span class='ocrx_word' id='word_1_966' title='bbox 476 5610 561 5667; x_wconf 90' lang='lat' dir='ltr'>solam</span> <span class='ocrx_word' id='word_1_967' title='bbox 599 5610 704 5665; x_wconf 87' lang='lat' dir='ltr'>&#39;tiorum</span> <span class='ocrx_word' id='word_1_968' title='bbox 720 5624 784 5679; x_wconf 84' lang='lat' dir='ltr'>erga</span> <span class='ocrx_word' id='word_1_969' title='bbox 808 5618 934 5691; x_wconf 80' lang='lat' dir='ltr'>parentes</span> <span class='ocrx_word' id='word_1_970' title='bbox 949 5606 1076 5673; x_wconf 81' lang='lat' dir='ltr'>pietatem</span> <span class='ocrx_word' id='word_1_971' title='bbox 1091 5605 1134 5661; x_wconf 85' lang='lat' dir='ltr'>tei</span> <span class='ocrx_word' id='word_1_972' title='bbox 1185 5607 1256 5663; x_wconf 89' lang='lat' dir='ltr'>belle</span> <span class='ocrx_word' id='word_1_973' title='bbox 1270 5609 1441 5689; x_wconf 79' lang='lat' dir='ltr'>starcpossit</span> <span class='ocrx_word' id='word_1_974' title='bbox 1453 5607 1532 5691; x_wconf 79' lang='lat' dir='ltr'>lectio</span> <span class='ocrx_word' id='word_1_975' title='bbox 1545 5615 1663 5689; x_wconf 83' lang='lat' dir='ltr'>recepta,</span> <span class='ocrx_word' id='word_1_976' title='bbox 1686 5618 1749 5657; x_wconf 83' lang='lat' dir='ltr'>etun</span> <span class='ocrx_word' id='word_1_977' title='bbox 1769 5586 1929 5689; x_wconf 35' lang='lat' dir='ltr'>&#39;creantibus</span> 
     </span>
     <span class='ocr_line' id='line_1_75' title="bbox 336 5667 1921 5754; baseline -0.023 -15"><span class='ocrx_word' id='word_1_978' title='bbox 336 5684 500 5754; x_wconf 79' lang='lat' dir='ltr'>impietatem</span> <span class='ocrx_word' id='word_1_979' title='bbox 527 5680 615 5737; x_wconf 85' lang='lat' dir='ltr'>latini</span> <span class='ocrx_word' id='word_1_980' title='bbox 649 5687 879 5741; x_wconf 85' lang='lat' dir='ltr'>rnemorauerrat,</span> <span class='ocrx_word' id='word_1_981' title='bbox 910 5678 959 5734; x_wconf 88' lang='lat' dir='ltr'>sed</span> <span class='ocrx_word' id='word_1_982' title='bbox 992 5687 1132 5748; x_wconf 88' lang='lat' dir='ltr'>pareutum</span> <span class='ocrx_word' id='word_1_983' title='bbox 1185 5676 1409 5735; x_wconf 82' lang='lat' dir='ltr'>eademl&#39;errtua</span> <span class='ocrx_word' id='word_1_984' title='bbox 1434 5688 1593 5747; x_wconf 79' lang='lat' dir='ltr'>scripsern:</span> <span class='ocrx_word' id='word_1_985' title='bbox 1610 5693 1619 5727; x_wconf 88' lang='lat' dir='ltr'>r</span> <span class='ocrx_word' id='word_1_986' title='bbox 1637 5667 1921 5753; x_wconf 76' lang='lat' dir='ltr'>Tertetnrtgtturpttt.1u</span> 
     </span>
     <span class='ocr_line' id='line_1_76' title="bbox 337 5732 1928 5838; baseline -0.014 -26"><span class='ocrx_word' id='word_1_987' title='bbox 337 5770 446 5838; x_wconf 77' lang='lat' dir='ltr'>quoque</span> <span class='ocrx_word' id='word_1_988' title='bbox 458 5755 484 5811; x_wconf 90' lang='lat' dir='ltr'>in</span> <span class='ocrx_word' id='word_1_989' title='bbox 502 5754 580 5809; x_wconf 89' lang='lat' dir='ltr'>illios.</span> <span class='ocrx_word' id='word_1_990' title='bbox 596 5751 667 5819; x_wconf 92' lang='lat' dir='ltr'>lmo,</span> <span class='ocrx_word' id='word_1_991' title='bbox 682 5761 802 5807; x_wconf 84' lang='lat' dir='ltr'>oetrrnant</span> <span class='ocrx_word' id='word_1_992' title='bbox 817 5750 864 5805; x_wconf 76' lang='lat' dir='ltr'>ilci</span> <span class='ocrx_word' id='word_1_993' title='bbox 876 5750 1014 5820; x_wconf 85' lang='lat' dir='ltr'>pietotcur,</span> <span class='ocrx_word' id='word_1_994' title='bbox 1030 5748 1081 5805; x_wconf 88' lang='lat' dir='ltr'>boe</span> <span class='ocrx_word' id='word_1_995' title='bbox 1092 5758 1136 5806; x_wconf 84' lang='lat' dir='ltr'>est</span> <span class='ocrx_word' id='word_1_996' title='bbox 1186 5750 1270 5814; x_wconf 87' lang='lat' dir='ltr'>dices,</span> <span class='ocrx_word' id='word_1_997' title='bbox 1281 5758 1310 5805; x_wconf 89' lang='grc' dir='ltr'>ιι</span> <span class='ocrx_word' id='word_1_998' title='bbox 1323 5746 1466 5805; x_wconf 79' lang='lat' dir='ltr'>maturent</span> <span class='ocrx_word' id='word_1_999' title='bbox 1479 5760 1584 5805; x_wconf 86' lang='lat' dir='ltr'>tenetur</span> <span class='ocrx_word' id='word_1_1000' title='bbox 1597 5744 1728 5810; x_wconf 83' lang='lat' dir='ltr'>auaritia,</span> <span class='ocrx_word' id='word_1_1001' title='bbox 1741 5741 1858 5812; x_wconf 86' lang='lat' dir='ltr'>rtrptdrus</span> <span class='ocrx_word' id='word_1_1002' title='bbox 1873 5732 1928 5785; x_wconf 74' lang='lat' dir='ltr'>bril·</span> 
     </span>
    </p>
   </div>
   <div class='ocr_carea' id='block_1_5' title="bbox 325 5804 1930 5965">
    <p class='ocr_par' dir='ltr' id='par_1_5' title="bbox 325 5804 1930 5965">
     <span class='ocr_line' id='line_1_77' title="bbox 340 5804 1930 5907; baseline -0.006 -26"><span class='ocrx_word' id='word_1_1003' title='bbox 340 5826 552 5881; x_wconf 86' lang='lat' dir='ltr'>unserirordiam</span> <span class='ocrx_word' id='word_1_1004' title='bbox 574 5826 600 5907; x_wconf 78' lang='lat' dir='ltr'>in</span> <span class='ocrx_word' id='word_1_1005' title='bbox 622 5838 722 5907; x_wconf 67' lang='lat' dir='ltr'>preerat</span> <span class='ocrx_word' id='word_1_1006' title='bbox 747 5838 821 5877; x_wconf 71' lang='lat' dir='ltr'>raaia</span> <span class='ocrx_word' id='word_1_1007' title='bbox 845 5820 964 5879; x_wconf 88' lang='lat' dir='ltr'>laudabit</span> <span class='ocrx_word' id='word_1_1008' title='bbox 978 5830 1071 5878; x_wconf 89' lang='lat' dir='ltr'>noster</span> <span class='ocrx_word' id='word_1_1009' title='bbox 1084 5822 1137 5880; x_wconf 88' lang='lat' dir='ltr'>sub</span> <span class='ocrx_word' id='word_1_1010' title='bbox 1188 5824 1242 5888; x_wconf 91' lang='lat' dir='ltr'>nis,</span> <span class='ocrx_word' id='word_1_1011' title='bbox 1254 5820 1354 5903; x_wconf 79' lang='lat' dir='ltr'>scelus,</span> <span class='ocrx_word' id='word_1_1012' title='bbox 1369 5821 1534 5892; x_wconf 80' lang='lat' dir='ltr'>improbitas.</span> <span class='ocrx_word' id='word_1_1013' title='bbox 1551 5818 1703 5903; x_wconf 44' lang='lat' dir='ltr'>andaciae»</span> <span class='ocrx_word' id='word_1_1014' title='bbox 1716 5804 1930 5901; x_wconf 56' lang='lat' dir='ltr'>etalibirnrsnsllf</span> 
     </span>
     <span class='ocr_line' id='line_1_78' title="bbox 325 5877 1918 5965; baseline -0.014 -15"><span class='ocrx_word' id='word_1_1015' title='bbox 325 5894 407 5951; x_wconf 85' lang='lat' dir='ltr'>traam</span> <span class='ocrx_word' id='word_1_1016' title='bbox 423 5896 504 5965; x_wconf 79' lang='lat' dir='ltr'>tutius</span> <span class='ocrx_word' id='word_1_1017' title='bbox 520 5896 583 5952; x_wconf 82' lang='lat' dir='ltr'>libau</span> <span class='ocrx_word' id='word_1_1018' title='bbox 595 5926 603 5963; x_wconf 82' lang='grc'><strong>,</strong></span> <span class='ocrx_word' id='word_1_1019' title='bbox 616 5904 705 5965; x_wconf 74' lang='lat' dir='ltr'>carane</span> <span class='ocrx_word' id='word_1_1020' title='bbox 718 5892 763 5947; x_wconf 68' lang='lat' dir='ltr'>iii.</span> <span class='ocrx_word' id='word_1_1021' title='bbox 1188 5892 1331 5949; x_wconf 86' lang='lat' dir='ltr'>Ciueutto:</span> <span class='ocrx_word' id='word_1_1022' title='bbox 1345 5910 1355 5944; x_wconf 89' lang='lat' dir='ltr'>t</span> <span class='ocrx_word' id='word_1_1023' title='bbox 1372 5892 1513 5962; x_wconf 79' lang='lat' dir='ltr'>bxpoatm</span> <span class='ocrx_word' id='word_1_1024' title='bbox 1527 5892 1604 5953; x_wconf 82' lang='lat' dir='ltr'>roba</span> <span class='ocrx_word' id='word_1_1025' title='bbox 1617 5889 1758 5962; x_wconf 82' lang='lat' dir='ltr'>Opptaurcr</span> <span class='ocrx_word' id='word_1_1026' title='bbox 1772 5888 1860 5943; x_wconf 84' lang='lat' dir='ltr'>iactans</span> <span class='ocrx_word' id='word_1_1027' title='bbox 1873 5877 1918 5929; x_wconf 81' lang='lat' dir='ltr'>md</span> 
     </span>
    </p>
   </div>
   <div class='ocr_carea' id='block_1_6' title="bbox 0 0 2046 6340">
    <p class='ocr_par' dir='ltr' id='par_1_6' title="bbox 0 0 2046 6340">
     <span class='ocr_line' id='line_1_79' title="bbox 0 0 2046 6340; baseline 0 0"><span class='ocrx_word' id='word_1_1028' title='bbox 0 0 2046 6340; x_wconf 95' lang='lat' dir='ltr'> </span> 
     </span>
    </p>
   </div>
  </div>
 </body>
</html>
