4017 6350
98 243 155 308 aaa
478 243 716 306 aoranae.
737 230 1284 314 aauourtauseau'sacur.cxa.
1306 251 1374 310 rtur.
1701 255 1759 320 ata

99 378 166 418 num
184 362 234 431 M.,
249 363 294 419 nbi
310 370 370 430 poet
390 362 524 424 laudatam
545 361 699 418 Diocletiani
723 361 901 418 vanitantium
915 365 943 428 Α
955 373 982 421 ιι
997 380 1068 423 anuo
1081 369 1203 440 sequenti
1221 369 1261 428 Aa
1281 379 1377 438 uatua3‘
1388 385 1421 426 aa
1438 383 1502 424 tero
1519 372 1608 430 statim
1622 371 1761 443 Augustei

34 451 35 454 ¹
100 432 128 489 la
141 430 288 492 retinendo
302 434 364 488 sitm
389 423 497 504 prlrado
519 448 579 496 usu.
590 429 682 488 addit:
696 431 771 488 llam
796 447 856 515 erpo
869 432 903 488 ii·
952 435 1040 496 dictus
1053 446 1081 493 et
1092 439 1193 509 irater,
1216 385 1317 498 onds.»
1331 439 1439 496 nornine
1451 439 1576 500 Cauniis.
1594 445 1758 500 tssiiritrorer-

100 505 331 574 luminalumina
347 507 432 588 sacrm
447 504 525 574 {rata
546 505 667 566 adicitur.
691 505 781 576 audiuit
796 505 900 559 intraturi.
953 515 1020 566 siam
1040 508 1111 564 Ιιιιιι
1128 511 1235 580 nudulum
1259 522 1400 568 retinuerunt
1419 524 1578 584 arguimeuto
1602 526 1710 584 sumpto
1722 529 1759 572 ex

34 587 36 618 u
101 577 227 648 lienique
245 575 423 633 Diocletianus
439 585 496 630 erut
511 575 642 640 Dalmata,
659 576 710 631 iste
736 575 900 631 l‘auuiuonius.
954 581 1023 637 liluro
1033 578 1067 635 27
1082 582 1215 637 anuntiant
1226 582 1384 653 Marcellini,
1396 599 1453 654 cap.
1465 582 1494 648 d,
1509 584 1564 650 ulti,
1578 601 1639 641 eunt
1648 588 1762 643 dixisset

34 659 35 690 ³
100 647 180 702 Adde
194 647 270 716 quiid
290 647 379 702 nimiis
399 645 541 702 itistorlaui
568 649 647 702 tradit
666 664 712 702 eius
738 656 830 702 natura
846 644 901 701 ira·
952 649 1111 712 Gratianum
1128 668 1238 721 puerinn
1252 670 1267 707 a
1280 663 1357 726 patre
1370 655 1560 711 'iniciatiniauo
1580 655 1679 716 iactuum
1694 674 1758 714 esse

34 745 35 748 ¹
98 714 569 790 incaluissellodcmporromore
581 717 899 786 Gatertusttaxuotauos,
951 725 1235 796 criiusortemimper'ti,
1257 726 1327 796 quood
1349 725 1613 796 auuuoctn'usttodt,
1634 729 1759 802 contigit,

100 793 163 860 quia
179 793 273 846 Casan
284 805 344 846 cuin
356 791 513 844 continuatio
526 789 609 846 iaetus
625 791 721 854 iuerat,
736 790 795 862 ejas
819 787 903 846 irater
952 795 1027 850 adulit
1039 795 1065 849 id
1081 793 1179 851 lactum
1190 811 1251 851 esse
1262 805 1468 854 cuiinramurem
1479 797 1629 856 lustltntom
1640 803 1694 856 anti
1718 801 1759 856 ui·

34 905 36 910 .
100 869 215 916 uocatur
228 877 243 914 a
261 861 396 916 Tru-uetito
411 861 529 915 Pollione
541 861 567 916 in
594 861 625 916 D.
638 861 751 917 dtuooto
763 881 769 916 :
780 859 845 929 Qua
858 861 901 918 ia·
953 875 1006 934 tus,
1022 866 1081 936 quita
1095 865 1252 924 Gratianum
1272 883 1325 924 ιιοι
1349 870 1423 938 prius
1436 869 1571 926 Caesarem
1591 815 1759 940 laceranda-

99 933 266 1002 circaposui,
280 932 479 986 ataitomniiuis
502 931 601 987 aliarum
618 931 808 1000 Carauantium,
821 932 902 988 diuini
951 937 1126 1005 lentiniaaus,
1141 937 1189 994 scd
1213 938 1302 997 antini
1318 942 1468 1011 angustum
1490 952 1578 998 norica
1600 941 1760 1008 onerandis

34 1019 37 1056 t
99 1003 507 1078 paneuiiuiram,·raaetitiinmm
520 1001 657 1069 Cesarea,
683 1013 707 1061 et
725 1003 901 1076 Aapuatteip-
952 1026 1006 1078 ouo
1028 1009 1195 1079 collegerunt
1216 1008 1266 1065 riri
1288 1009 1462 1066 eruditissimi
1484 954 1687 1077 malandriano.
1712 1015 1761 1086 qui

34 1095 38 1114 ·
99 1075 392 1146 autumnitanorum
416 1075 544 1146 deputator
562 1075 743 1131 iuuitoadeae
766 1075 899 1142 datarum,
953 1083 1037 1136 mutto
1050 1075 1435 1153 anteialcntinlanlteuurpora
1449 1090 1559 1142 erectus
1572 1087 1657 1147 estad
1670 1085 1696 1142 di
1717 1086 1761 1141 ni·

34 1171 36 1202 ι
100 1148 178 1200 aaiuir
189 1143 349 1202 Diocletiana
363 1157 387 1200 et
405 1145 561 1202 Maaiudaao
586 1147 717 1220 Aaprustia.
744 1159 766 1203 et
780 1149 834 1218 rjus
843 1152 901 1274 ¹{iia-
952 1161 1036 1208 tatem
1052 1153 1263 1224 imperatoriam,
1280 1157 1367 1224 priario
1385 1151 1520 1210 Caesarem
1541 1149 1674 1212 lactrm'a
1695 1101 1763 1212 dio·

34 1239 39 1276 :
101 1226 139 1274 tre
152 1217 267 1273 Galama
279 1217 336 1272 lma
348 1219 393 1290 qni
413 1217 509 1274 eodcm
533 1231 580 1275 aut
605 1221 659 1290 pari
675 1221 830 1290 magistratu
854 1237 902 1276 on·
952 1225 1080 1292 alatiano,
1097 1227 1245 1295 praesertim
1261 1229 1324 1309 qnia
1344 1225 1383 1281 sic
1402 1238 1462 1297 enm
1476 1226 1603 1289 uidebant
1618 1227 1709 1284 iocari
1724 1228 1760 1285 ab

34 1323 36 1344 ι
101 1291 238 1359 gelantur
253 1290 278 1343 in
294 1288 443 1358 republica.
458 1289 554 1346 iratres
577 1291 753 1358 alienabantur,
777 1301 805 1346 ot
827 1301 902 1364 putet
949 1291 1094 1370 Eutropio,
1109 1292 1156 1351 ltu.
1179 1311 1218 1364 ix,
1233 1297 1277 1352 uin
1297 1313 1311 1350 a
1332 1300 1352 1351 ‘t
1366 1295 1400 1351 de
1422 1290 1554 1372 Bapatudis
1568 1296 1694 1366 ludmila
1711 1300 1761 1354 do-

34 1389 36 1418 u
103 1375 136 1416 ex
148 1361 264 1432 epistola
279 1361 331 1418 too
345 1363 429 1417 sanan
441 1359 593 1432 lupinum.
609 1363 742 1418 Caeterum
758 1363 784 1416 in
797 1365 900 1419 curuati·
954 1362 1038 1423 mitis.
1066 1367 1149 1423 ltddit
1177 1364 1276 1423 deiude
1309 1311 1455 1439 eutropius
1488 1367 1682 1440 Diocletianum
1707 1384 1764 1424 uno

34 1485 37 1494 ,
104 1433 209 1488 tuendis
235 1431 389 1489 Maximiani
405 1433 520 1501 ilerralii
537 1433 630 1504 ιιιιιι,
644 1437 726 1492 uariae
739 1449 771 1489 ac
788 1435 901 1492 multum
953 1439 1102 1510 eodemque
1124 1449 1248 1510 tetrtpore
1270 1438 1628 1505 Maxiuriinnutu‚licreulium
1644 1457 1677 1496 cx
1699 1439 1763 1496 Cae-

104 1504 415 1574 iiatcrsediserepaatea
427 1514 492 1573 sunt
512 1503 679 1566 modicorum
692 1506 812 1570 uirorum
838 1521 903 1563 sen·
954 1524 1016 1565 sare
1043 1509 1139 1565 iecisse
1166 1512 1332 1582 linguatum.
1357 1510 1545 1568 Corustantlom
1570 1521 1598 1569 et
1622 1513 1762 1570 materiam

105 1577 205 1641 tenatiae,
217 1591 286 1647 quas
298 1575 324 1631 iu
336 1576 404 1632 ituro
418 1593 444 1638 xi
455 1577 491 1644 de
502 1577 625 1643 doctriua
635 1588 803 1648 temporum,
816 1593 841 1633 c.
854 1579 900 1645 ot.
952 1579 1141 1636 Maximianum
1154 1575 1286 1638 deseres.
1306 1581 1362 1638 Sed
1384 1583 1426 1638 alr
1438 1583 1610 1640 doctissimus
1628 1575 1761 1651 Mauricas

34 1679 36 1710 u
105 1660 244 1702 enumerat
268 1646 411 1720 otuinus-ins
430 1649 566 1710 Patauina.
583 1648 686 1720 ipseea
702 1649 901 1720 pointinanno
952 1651 1129 1722 chorls,iu
1145 1647 1718 1725 dissertationedenumismatediocletiani
1734 1663 1764 1711 ct

106 1717 204 1774 Curiati
216 1715 280 1788 uti,
295 1735 350 1788 quio
364 1719 512 1780 tribunitiae
526 1723 668 1791 ιοιιιιιιὶι
681 1719 793 1788 uuanda
807 1731 835 1776 ut
848 1720 901 1776 lna·
912 1755 938 1820 Β
953 1721 1119 1792 Maximiani,
1136 1730 1196 1799 cap.
1208 1723 1237 1791 2,
1251 1724 1292 1780 uei
1306 1740 1338 1780 cx
1351 1739 1383 1801 co
1398 1727 1485 1798 capite
1502 1729 1641 1797 coiutetniit
1654 1740 1763 1782 errasse

108 1791 172 1859 perii
187 1789 334 1846 secundum
359 1807 460 1848 anriuuu
486 1793 666 1848 Diocletianus
682 1791 751 1848 iniit.
766 1790 795 1848 lul
810 1800 900 1852 autem
953 1793 1126 1866 Eutropium,
1135 1796 1205 1868 quood
1217 1795 1385 1867 inauguratio
1394 1795 1546 1854 Maximiani
1557 1799 1668 1870 iugulati
1680 1801 1762 1868 piena

106 1859 205 1930 colligit
217 1863 258 1916 air
272 1861 447 1920 duictissimns
468 1877 503 1920 ax
526 1879 570 1929 eo,
585 1865 657 1935 ninud
675 1867 901 1920 incertusauctor
953 1868 1017 1934 auin
1038 1867 1137 1922 nennio
1161 1869 1338 1925 antecesserit
1366 1864 1580 1944 designationem
1609 1862 1759 1926 daona-un.

34 1971 36 2008 ς
101 1931 258 2006 paonariae·
286 1933 449 1990 Maximiano
473 1945 502 1992 et
526 1933 707 1992 cuiusooitno
732 1935 796 1991 ducti
825 1933 900 1992 otttr-
953 1881 1089 1993 luiteldcxit
1103 1940 1143 1992 alr
1159 1937 1251 1994 itidem
1265 1939 1377 1994 istarum
1397 1954 1486 1997 renum
1505 1943 1686 2017 peritissimus
1703 1939 1761 1996 llut-

34 2017 38 2060 ’.
104 2014 174 2070 iuuet,
200 2004 392 2062 Maximianum
423 2007 528 2079 vigilios
553 2018 581 2063 et
607 2023 686 2064 curas
713 2008 902 2080 imperatorias
954 2009 1765 2086 torulusl‘apiusniiuporrduisqueistiosanguriamini,et,ut

34 2119 38 2148 ,
104 2075 194 2144 uiginti
222 2076 304 2131 aunis
328 2089 468 2149 expertum
491 2093 563 2147 esse,
579 2088 606 2136 et
621 2080 749 2134 vicesimo
763 2093 834 2136 auno
848 2079 901 2136 lm-
951 2076 1019 2136 lttno
1044 2077 1181 2152 infringat,
1209 2081 1247 2138 ait
1273 2081 1431 2154 Eutropium
1454 2077 1664 2155 posint-utronno
1682 2082 1762 2138 arinis

34 2190 40 2224 ,
103 2157 265 2216 pacatorem,
275 2157 373 2202 octauo
385 2150 523 2205 mareolam
538 2151 638 2215 luisse;
655 2160 712 2206 tum
737 2150 818 2206 etiam
839 2151 900 2236 quala
953 2152 1039 2216 lirani,
1054 2164 1084 2207 ιιι
1100 2153 1211 2220 assolet,
1235 2168 1340 2208 suranna
1354 2155 1517 2213 destillante.
1533 2155 1605 2222 Sauro
1619 2151 1763 2226 responsio

34 2261 40 2273 .
105 2219 227 2275 uuureti'ns
250 2219 344 2275 Viator
366 2221 453 2276 tradit
482 2224 507 2278 oi
540 2237 611 2278 anna
638 2221 726 2278 minus
755 2231 902 2292 potentiam
953 2223 998 2278 illa
1010 2233 1083 2280 esset
1096 2224 1208 2294 optima,
1224 2225 1246 2280 si
1262 2223 1408 2297 Eutropius
1421 2225 1501 2282 isthic
1520 2242 1573 2282 non
1589 2227 1763 2287 illiseruasset

102 2287 183 2346 luisse
196 2306 277 2361 quam
301 2293 474 2348 Diocletiano.
497 2293 570 2350 Sane
598 2294 662 2349 aurai
689 2294 794 2364 iuuperii
815 2293 902 2352 Maxi-
953 2295 1077 2350 ordinem
1097 2305 1260 2366 terumouum.
1275 2295 1328 2354 Sed
1344 2310 1405 2352 cuni
1420 2296 1689 2354 dicatllaximlanum
1705 2295 1764 2352 iar-

104 2360 181 2415 miaoi
198 2365 268 2418 iaaac
278 2373 392 2428 aeriam,
406 2374 435 2420 ιι
450 2365 513 2419 iiiiii
525 2365 642 2434 videtur,
658 2365 777 2434 reguiam
790 2365 901 2432 habent,
952 2375 1011 2422 turn
1024 2365 1188 2438 Augustum,
1202 2377 1342 2454 prosaquam
1358 2367 1503 2426 dannatus
1517 2366 1668 2426 Britannias
1681 2374 1765 2423 occu-

34 2479 36 2506 ,
102 2433 171 2502 quood
199 2435 347 2504 aperimus
373 2452 458 2491 annus
485 2435 592 2506 imperil
624 2435 707 2492 deltm
740 2451 904 2494 concurrere
949 2448 1075 2518 parerat,
1088 2438 1328 2509 Quoiuquegenttani
1343 2435 1459 2496 dilidam
1476 2439 1680 2510 infestaverant,
1696 2439 1763 2495 itar-

103 2516 162 2558 oum
175 2514 273 2562 oetaeo
298 2507 418 2573 eiusdem
442 2508 599 2564 consulatu.
625 2509 693 2564 Cain
714 2523 780 2580 crgo
799 2517 903 2564 ιιιιιιιιι
951 2523 1018 2564 scus
1033 2507 1136 2566 Orienti
1153 2508 1251 2565 bellum
1262 2511 1397 2575 intulerat,
1413 2524 1439 2567 ct
1453 2513 1591 2570 netimeas
1603 2513 1629 2568 ln
1644 2501 1764 2584 dirupto

34 2623 38 2642 ,
104 2575 139 2629 ait
162 2588 289 2632 octauam
307 2577 483 2651 Οιιιιιιιιιιιι
509 2581 569 2648 elus
596 2576 724 2636 incidisse
747 2582 773 2634 in
802 2595 903 2636 auritum
954 2579 1188 2652 rebelliumque
1205 2581 1419 2708 ciiiutiglsse‘per
1438 2585 1659 2664 aranostertium,
1681 2598 1766 2654 quum·

106 2643 202 2702 curten
227 2647 299 2717 504,
323 2659 351 2705 ιι
376 2667 409 2706 ex
439 2649 527 2707 Fastis
557 2651 684 2708 idatianis
710 2649 826 2708 salanias
853 2654 906 2708 inl·
955 2651 1012 2707 ium
1030 2661 1056 2709 et
1077 2654 1201 2724 quiritum
1217 2650 1498 2724 inopertittorteiiaut
1512 2654 1592 2727 docet
1605 2653 1764 2710 chronicon

34 2771 38 2788 ,
104 2719 720 2794 tiumiuniperiiejoeinisselraiendasApriles,
736 2737 904 2794 couisenucas
953 2718 1080 2790 Euscluii,
1094 2723 1202 2794 ptaruuo
1218 2730 1259 2794 esi
1278 2725 1414 2797 designari
1428 2735 1535 2803 teiripnp
1571 2741 1605 2782 no
1626 2725 1764 2782 coustan-

34 2797 36 2802 ’
106 2789 232 2848 estilium
256 2807 272 2845 a
300 2793 466 2849 Diocletiano
489 2793 587 2850 iactum
610 2793 694 2850 luisse
714 2797 903 2862 nutrieratorem
951 2795 1009 2861 ¹ilua
1022 2807 1049 2850 et
1062 2794 1185 2854 Galerius
1197 2793 1374 2863 Maxiiiriaims
1385 2795 1446 2853 lacti
1458 2808 1520 2856 suat
1579 2811 1663 2852 sares.
1676 2792 1710 2852 Et
1721 2795 1764 2854 sic

34 2915 36 2932 ,
106 2857 223 2918 latentis
236 2863 375 2935 Aprilibus
396 2869 458 2923 artai
478 2857 540 2934 iai,
566 2882 627 2922 enm
648 2865 827 2922 Diocletianus
849 2883 904 2931 iam
956 2877 1030 2922 recte
1056 2881 1071 2924 a
1093 2866 1151 2922 uiro
1174 2868 1324 2939 clarissimo
1345 2867 1514 2942 obseruatum
1570 2867 1765 2938 tErxtriipiom

34 2939 36 2998 ζ
106 2931 904 3009 imperaretamenseNoietnlniproximepraeteritoliam
955 2939 1099 2994 errassein
1114 2937 1246 2995 luocloco.
1260 2935 1339 2996 Unde
1355 2955 1404 2996 nos
1417 2880 1656 3014 remolliamus
1671 2940 1763 2996 locum
1822 2976 1826 2984 ·

35 3013 36 3016 ’
105 3013 133 3074 et
144 3003 277 3064 Eusebius
299 3009 326 3062 in
346 3005 481 3065 ctu-onim
496 3007 685 3067 Maximianum
710 3009 774 3062 utcu
799 3009 826 3064 ln
840 3025 906 3081 con·
953 3002 1034 3066 iilum
1053 3009 1155 3080 ,annilius
1173 3012 1305 3080 niomcnti
1329 3025 1388 3067 csse
1403 3011 1435 3068 ad
1456 3012 1646 3078 adstruendam
1667 3025 1763 3072 exurunt

34 3141 35 3148 ἵ
107 3077 215 3131 sortium
236 3077 343 3150 imperii
364 3079 493 3134 idaciano
513 3095 583 3136 auno
596 3079 716 3136 secutudo
736 3079 904 3149 Diocletiani,
957 3081 1121 3153 opinionem,
1144 3083 1188 3154 qul
1207 3091 1306 3161 putant
1329 3083 1482 3151 ilercniinm
1508 3083 1594 3156 primo
1612 3076 1761 3149 Caesarem,

34 3204 39 3220 ι
107 3161 159 3203 ιιι
173 3148 280 3219 paridem
295 3151 321 3205 in
337 3150 454 3207 editione
467 3149 605 3223 snelgeri,
627 3149 674 3209 sed
694 3151 721 3207 ln
736 3151 821 3207 tribus
834 3141 941 3210 arati-C
959 3151 1057 3209 deiude
1068 3148 1218 3225 Augustum
1229 3151 1313 3210 luisse
1324 3151 1423 3210 locutum
1437 3169 1452 3214 a
1466 3153 1642 3226 Diocletiano.
1659 3154 1766 3224 atagos·
1826 3164 1831 3173 ’

107 3220 165 3287 quis
178 3222 376 3291 exemplaribus
399 3226 588 3295 manuscriptis
607 3224 774 3279 ututtotuecn
795 3222 906 3281 Colitur·
956 3232 1014 3279 tum
1035 3227 1106 3281 euiin
1123 3225 1212 3282 statim
1237 3224 1338 3280 dictum
1362 3240 1424 3283 esse
1442 3228 1558 3300 probant
1582 3227 1673 3298 piures
1688 3224 1764 3296 leges

34 3360 35 3363 Ἴ
110 3292 307 3363 dromonorum
324 3310 407 3350 uiuum
425 3303 467 3351 est
484 3296 699 3369 antiquissimum
715 3304 743 3350 et
761 3295 905 3365 optimum,
957 3294 1019 3349 latae
1034 3298 1085 3350 sub
1097 3296 1243 3353 Corasmntu
1260 3290 1417 3353 otoonuani
1436 3306 1463 3369 et
1477 3297 1637 3371 ndstalndi
1662 3313 1721 3370 quiae
1732 3295 1765 3353 in

34 3374 36 3437 ss
110 3364 261 3418 tumetium
287 3366 412 3421 inueterl
435 3367 479 3421 iila
500 3366 617 3433 editione
636 3354 753 3432 utinen,
777 3377 804 3422 et
824 3369 850 3422 in
874 3385 906 3425 ea
958 3366 1035 3421 titulo
1056 3365 1209 3444 praeierunt
1242 3383 1340 3425 ttottten
1376 3368 1535 3441 Diocletiani
1561 3379 1590 3427 et
1614 3368 1765 3424 aristobuli

35 3446 36 3449 ¹
109 3435 327 3500 nuamlrnaldus
337 3436 481 3505 Pontacus,
493 3436 638 3509 Episcopus
646 3436 908 3503 Vasateiisis,etuulsit
957 3434 1241 3509 Augustorium31uter
1255 3456 1321 3513 quas
1343 3456 1395 3497 tuna
1410 3454 1449 3497 est
1464 3442 1526 3498 data
1544 3440 1627 3497 Mortis
1639 3439 1762 3511 utipanti.

34 3566 36 3573 ,
108 3504 141 3557 ad
153 3514 272 3563 ueterum
284 3510 478 3581 exemplarium
492 3510 571 3566 iidem
587 3509 752 3581 castigatam.
769 3510 844 3579 Quioo
866 3520 906 3567 ta·
952 3510 1024 3565 Caum
1039 3518 1129 3566 nartem
1148 3524 1219 3565 anino
1233 3512 1280 3567 iilo
1292 3510 1470 3571 Maximianus
1482 3515 1510 3569 in
1531 3512 1696 3587 eoirsortiuin
1712 3512 1766 3570 irn-

34 3590 36 3593 ·
108 3588 168 3631 nien
179 3592 231 3633 non
243 3578 281 3635 lta
295 3575 497 3665 intelligendam
511 3590 562 3651 est,
577 3580 790 3637 utMaximlauus
803 3584 908 3641 dicatur
959 3582 1024 3653 perii
1039 3582 1158 3638 adscitus
1168 3582 1202 3637 sit
1217 3597 1231 3635 a
1247 3582 1422 3650 Diocletiano.
1435 3597 1487 3658 quo
1499 3584 1699 3713 iegcspuldica·
1712 3596 1764 3665 rio-

34 3662 36 3715 3
110 3646 708 3725 adscitusincoationruinimperiicumlam
724 3652 908 3713 Diocletianus
958 3668 1020 3709 men
1035 3653 1094 3725 ejus
1115 3650 1261 3723 proderunt
1274 3661 1303 3710 ut
1318 3657 1441 3727 Augusti,
1459 3669 1512 3711 ιιοιι
1529 3668 1557 3713 ιι
1589 3656 1702 3721 naaria,
1722 3670 1765 3710 ιι-

34 3726 36 3789 ζ
108 3715 263 3787 imperasset
279 3736 328 3792 per
344 3740 443 3780 aurnum
466 3724 615 3800 integrum:
637 3724 683 3780 sed
699 3738 770 3780 anuo
788 3729 908 3783 acetruda
958 3725 1037 3780 detur
1047 3726 1145 3797 ambigi
1160 3740 1213 3781 non
1229 3740 1307 3796 posse
1320 3726 1354 3782 dc
1370 3726 1504 3783 tractitius
1517 3724 1766 3799 cupidinearum

109 3802 141 3845 ex
153 3805 204 3861 quo
218 3793 399 3852 Diocletianae
420 3797 522 3853 tenatos
540 3798 636 3863 inerat,
658 3796 837 3865 incipiendae
851 3798 906 3855 lta·
958 3810 1024 3851 vero
1046 3796 1189 3853 accusandi
1209 3792 1379 3870 iirglipeiuiac
1400 3807 1447 3855 aot
1467 3800 1569 3856 erroris
1583 3801 1609 3853 io
1631 3798 1682 3854 tuoe
1701 3797 1767 3853 loco

34 3878 36 3953 }
109 3850 195 3919 lendis
208 3862 355 3934 tarrantis,
376 3879 406 3925 ut
428 3876 483 3925 tum
504 3868 636 3940 auspicari
659 3868 782 3925 soteunu
796 3884 905 3927 aninam.
958 3876 1031 3933 suunt,
1047 3869 1092 3939 qui
1107 3868 1233 3925 codicem
1253 3868 1409 3937 iustiniani,
1424 3872 1451 3997 ip
1470 3887 1523 3941 aito
1536 3871 1610 3942 leges
1625 3866 1677 3926 tua
1692 3865 1764 3925 rote-

34 3992 35 4005 ,
110 3932 332 4004 Adquuametiam
345 3940 792 4011 reguiamrcvocaudasuutrerlua
806 3940 907 3997 Aurelii
959 3947 1064 4009 rurum,
1087 3942 1236 4010 collegere:
1259 3942 1307 3996 sed
1328 3941 1419 4015 potina
1448 3941 1569 4001 nudanda
1593 3955 1687 3996 eorunm
1700 3938 1765 3994 diii·

111 4000 222 4063 iietorls
239 4008 364 4077 dicentis,
389 4012 549 4068 Maximiano
568 4026 639 4066 anuto
661 4012 908 4085 minuspoteutlam
958 4013 1058 4079 nentia,
1085 4013 1130 4081 ouri
1155 4023 1228 4067 recte
1249 4013 1298 4067 ista
1326 4013 1518 4069 distinxerunt.
1545 4010 1622 4077 Mam,
1645 4009 1765 4090 exempli

112 4074 190 4133 luisse
218 4094 279 4138 uam
292 4080 469 4153 Diocletiano,
483 4084 607 4149 incirooto
617 4080 753 4149 uidelicet,
767 4098 820 4139 non
832 4098 908 4140 cunin·
959 4096 1052 4149 causa,
1071 4083 1156 4152 legem
1178 4098 1193 4135 a
1210 4082 1375 4139 Diocletiano
1387 4085 1469 4139 latam
1479 4082 1579 4156 darino
1596 4098 1614 4137 ιι
1627 4091 1654 4139 ιι
1664 4082 1767 4141 ilume-

110 4144 190 4215 pleto.
201 4094 283 4221 diaron
298 4163 327 4210 ut
341 4154 407 4222 diri,
423 4154 549 4212 eet-tallia
564 4164 605 4211 est
625 4150 731 4225 reputa,
751 4154 908 4225 ulgesinmm
960 4154 1037 4209 rianio
1050 4153 1214 4229 conspliuns,
1231 4156 1276 4227 qul
1288 4153 1362 4210 luere
1372 4154 1498 4211 consules
1511 4168 1582 4209 aiano
1595 4170 1648 4226 uiuo
1660 4146 1765 4209 Diocle-

112 4232 207 4275 aanum
220 4223 255 4277 im
277 4226 325 4280 etii
338 4224 491 4282 Maximiani
514 4241 566 4281 non
583 4240 663 4297 posse
677 4224 793 4299 disiungi
808 4228 841 4281 ali
863 4244 911 4283 oc·
960 4224 1379 4297 tituriusleuatuscstinupcrator,
1395 4226 1473 4282 unius
1484 4218 1640 4288 Diocletiani
1654 4224 1767 4282 nornine

114 4298 174 4344 tara
185 4293 243 4363 ejus
254 4235 411 4352 dousutauo.
425 4296 575 4355 Reseranda
587 4304 646 4352 stunt
663 4307 753 4351 autent
768 4298 849 4354 rerba
863 4312 911 4371 pa·
960 4286 1168 4367 lausciipserunt:
1185 4303 1244 4350 eam
1260 4312 1324 4350 uero
1346 4312 1405 4368 quae
1423 4288 1590 4369 Diocletiano
1605 4312 1621 4351 n
1637 4305 1664 4352 et
1678 4296 1766 4353 tinxi.

114 4365 237 4433 negyrici.
253 4366 288 4421 Te
303 4382 391 4425 ruitur
401 4370 518 4425 meeiimo
532 4384 599 4423 auno
611 4367 650 4421 lui
670 4376 805 4434 aratorem,
822 4380 910 4424 octauo
961 4372 1051 4422 auliano
1063 4384 1088 4423 ιι
1102 4380 1172 4423 coss.
1186 4366 1238 4421 lata
1253 4376 1305 4435 cst,
1321 4382 1382 4425 cum
1397 4368 1570 4442 doristantlus
1583 4374 1611 4425 et
1625 4364 1770 4426 Maximia-

113 4428 255 4501 Caniniam.
270 4440 308 4494 ito
322 4442 444 4511 amplexa
457 4440 568 4514 quodam
591 4456 638 4494 arta
652 4386 736 4493 dianio
751 4440 830 4495 uoluit
844 4440 909 4495 deti·
961 4453 1012 4492 nus
1027 4429 1148 4493 Caesones
1162 4447 1263 4506 essenii,
1284 4438 1335 4493 ita:
1348 4436 1435 4512 intpp.
1453 4438 1627 4497 Diocletianae
1640 4451 1662 4495 et
1680 4437 1769 4494 liuni-

115 4518 179 4573 uere,
194 4516 222 4561 ut
236 4510 363 4567 marram
376 4515 498 4587 adparari
509 4514 566 4587 jam
580 4522 604 4569 ei
625 4510 712 4565 timere
726 4513 793 4581 quad
813 4512 1062 4602 [artemonianos
1077 4509 1132 4565 Ad.
1150 4509 1352 4566 eudoxianorum
1377 4519 1399 4566 et
1418 4507 1593 4569 Maximianus
1615 4511 1768 4567 nobilissimi

115 4584 159 4627 aar.
172 4576 333 4645 Quaterba
354 4586 393 4640 sio
413 4582 584 4655 interpretari
607 4592 724 4654 oportet,
741 4593 769 4639 ut
789 4584 911 4641 dicamus
963 4581 1086 4637 Casuras.
1105 4577 1205 4637 Eodem
1227 4582 1307 4636 inundo
1321 4582 1408 4657 legem
1431 4584 1509 4639 aliam
1531 4598 1547 4643 a
1568 4583 1769 4640 Corustautioet

117 4642 298 4709 Maximianum
315 4654 408 4711 Rornae
421 4656 586 4712 remansisse
603 4665 663 4725 post
682 4655 830 4712 discessum
847 4656 910 4711 Dio·
963 4654 1072 4715 Galerio
1083 4649 1243 4716 Maximiano
1263 4655 1342 4709 iatam
1360 4664 1420 4727 post
1437 4655 1632 4717 abdiualionem
1648 4653 1769 4726 superio·

116 4716 228 4787 clettam,
244 4734 270 4780 ct
284 4727 337 4782 iilic
349 4732 487 4784 cortsuletn
503 4729 666 4794 pirricessisse
681 4724 912 4783 kalendisianua-
963 4741 1024 4782 rum
1041 4731 1231 4797 augustorum,
1255 4740 1309 4797 nott
1332 4727 1439 4783 iliorum
1452 4729 1538 4785 solnm
1552 4726 1707 4783 oomtutuus
1722 4726 1767 4779 ia-

117 4786 161 4842 rlis
174 4796 233 4847 anui
247 4796 309 4865 idi,
323 4800 429 4871 irnperil
443 4802 483 4856 sni
498 4800 532 4855 tu
551 4807 680 4853 exettnte·
697 4798 853 4869 agesilaum
869 4798 912 4855 in·
964 4799 1085 4856 scribunt
1097 4798 1141 4881 qul
1156 4798 1282 4857 tulerant.
1296 4796 1343 4855 sed
1360 4799 1454 4855 Seueri
1467 4801 1547 4856 ctiam
1563 4808 1590 4855 et
1600 4795 1767 4864 Maximiani,

119 4857 226 4919 aioaaie
238 4864 360 4926 lualeuulis
375 4871 518 4943 Apriliuuia,
543 4886 603 4939 naua
622 4870 649 4924 in
664 4840 838 4927 derisuiatnm
853 4871 920 4943 ejus·
965 4870 1022 4925 siue
1044 4858 1180 4925 Maximini
1205 4867 1432 4925 iutilllllasimornm
1447 4869 1594 4941 Caesarum,
1610 4868 1654 4946 qud
1670 4866 1768 4923 codem

119 4940 236 4991 murum
249 4936 418 5011 irieidertuni3
431 4938 622 4999 deindellauna
634 4940 784 5013 digressum
798 4958 831 4999 co
841 4956 917 4998 aiiiro
965 4948 1086 5012 tempore
1101 4940 1135 4996 ad
1152 4938 1285 5011 lastigiuni
1301 4940 1365 4996 illud
1379 4944 1466 4998 evecti
1482 4952 1545 4997 suin
1568 4953 1620 5011 quio
1632 4938 1768 4994 Coriolan-

119 5014 170 5085 ιιι
183 5012 274 5066 consul
295 5024 419 5071 οιιιιιιιιιι
441 5025 508 5080 ιιιι,
529 5014 661 5069 excitasse
681 5014 804 5085 qutereias
822 5024 849 5070 et
863 5029 911 5069 su·
966 5014 1019 5069 tius
1034 5020 1061 5068 et
1074 5012 1197 5069 Galerius
1212 5012 1388 5069 Maximianus
1406 5026 1559 5087 supremum
1571 5008 1682 5082 gradum
1700 5024 1768 5093 con·

120 5075 248 5139 opiniones
262 5085 359 5141 oinium
380 5086 572 5154 Romanorum,
588 5085 664 5155 irrrasi
676 5082 730 5155 jaun
745 5100 911 5157 :augutrarcn-
965 5083 1060 5141 sectati.
1075 5080 1170 5155 ltaque
1186 5082 1257 5155 leges
1272 5082 1336 5155 illm,
1353 5097 1438 5155 quaa
1459 5082 1623 5139 Diocletiano
1643 5084 1669 5134 ot
1686 5080 1779 5156 lluxi·¹

121 5148 161 5224 tor
172 5158 197 5203 et
208 5152 332 5212 timerent
345 5156 416 5229 quiid
433 5158 530 5212 lamnia
544 5166 596 5223 est,
610 5155 636 5211 iul
650 5156 912 5227 condennationem
967 5156 1057 5213 miano
1086 5153 1213 5225 torosos
1241 5152 1310 5210 data
1342 5156 1512 5225 reperiuntur
1544 5151 1593 5211 sol)
1621 5150 1770 5209 mansuram

122 5220 231 5288 imperil,
246 5242 304 5293 nuae
316 5231 518 5301 annoseqneuti
533 5238 595 5313 post
606 5223 781 5283 Cuunsuiatuui
795 5231 853 5301 ejus
867 5244 915 5286 oc·
968 5227 1124 5286 Diocletiani
1137 5236 1165 5281 ct
1178 5225 1334 5291 aristobuli,
1350 5240 1411 5283 curn
1428 5226 1518 5286 inunita
1538 5224 1601 5293 siut,
1623 5220 1771 5279 ostendunt

123 5293 206 5365 aarum
227 5300 325 5365 euenit,
347 5317 408 5359 eunt
423 5303 482 5371 ipse
503 5301 598 5355 inisset
618 5300 774 5371 vigesimum
799 5303 913 5385 primum
967 5296 1158 5355 Maximianum
1171 5296 1321 5353 liurcuilum
1333 5285 1414 5362 luisse
1426 5297 1525 5367 lutetiam
1537 5298 1684 5368 angustum
1696 5308 1770 5379 anno

123 5364 398 5437 impertiendorum.
417 5371 508 5443 tarino
519 5372 699 5428 Diocletianus
710 5374 851 5441 imparium
867 5372 915 5427 ita·
968 5370 1015 5427 llio
1027 5386 1080 5443 quo
1090 5378 1152 5425 eum
1168 5364 1350 5425 Diocletianus
1365 5368 1428 5423 lecit
1441 5366 1597 5441 participem
1613 5382 1667 5423 sum
1683 5364 1770 5439 dtam-

123 5426 331 5499 ituitmensilms
352 5452 453 5499 tautam
473 5454 589 5513 nuatum
606 5454 634 5499 et
654 5442 794 5499 duodecim
819 5444 915 5499 dicitas
966 5442 1234 5513 tatisacpotcstatis.
1497 5510 1501 5518 ,
1559 5508 1565 5521 ι
1745 5506 1753 5520 ·

123 5500 268 5593 Dividuom
287 5512 472 5571 Maximianus.
495 5514 637 5587 irruperauit
658 5524 746 5570 autem
764 5530 810 5585 per
830 5530 916 5571 annos
1007 5513 1039 5569 ln
1052 5525 1160 5585 aaaron
1170 5526 1239 5567 naeuus
1254 5528 1316 5567 aaa.
1332 5508 1622 5595 luitestpllloclctiano
1643 5518 1669 5565 ct
1683 5504 1770 5591 Maxu-

125 5575 221 5645 tuglnu,
237 5598 343 5643 metisca
355 5588 482 5657 quinione,
502 5586 561 5642 dies
574 5581 726 5655 duodecim,
741 5584 916 5643 niaxiiotonos
968 5589 1068 5657 otianti,
1083 5600 1151 5655 uiuos
1172 5594 1265 5639 iiotaut
1277 5584 1376 5649 arationi
1391 5596 1447 5648 pan
1460 5598 1486 5635 un
1501 5586 1770 5664 societatepotenuae

125 5656 187 5701 raro
205 5664 251 5721 per
270 5658 460 5729 annosviginti
480 5667 646 5711 et‘ntetusem
668 5672 750 5713 uiuum
771 5656 914 5729 integrum.
968 5658 1051 5717 luisse
1063 5656 1223 5721 entucordcs,
1242 5664 1269 5709 et
1284 5651 1472 5715 ttaxuntnnnn
1488 5652 1693 5735 Diocletianum
1709 5664 1770 5710 om·

126 5711 188 5775 liele
201 5738 304 5781 rursum
319 5744 380 5787 sese
393 5729 472 5783 oneri
482 5720 532 5782 alia
546 5724 698 5795 dillicultas,
713 5738 801 5784 utrum
812 5728 918 5801 ,scilicet
968 5730 1047 5787 itibus
1064 5738 1171 5797 sempor
1188 5724 1395 5802 obsecundasse.
1416 5722 1590 5781 Mamertinus
1606 5738 1632 5779 uu
1655 5737 1772 5853 parump-

127 5782 295 5857 Maximianus
315 5816 330 5857 a
354 5800 518 5869 Diocletiano
531 5796 618 5855 lactus
630 5800 667 5855 sit
684 5798 801 5873 primum
816 5801 916 5873 Caesar,
970 5802 1027 5860 rico
1051 5812 1131 5871 quem
1156 5794 1224 5851 dixit
1246 5792 1429 5858 Maximiano:
1450 5792 1541 5851 iextra
1561 5794 1615 5853 irae
1639 5811 1731 5861 mitam
1750 5810 1778 5850 ta
