4017 6350
259 274 328 345 atq
978 258 1023 317 un
1043 255 1194 318 noounr.
1852 251 1897 311 q,
1994 213 1995 218 '

259 401 368 468 eponte
382 391 540 452 deturbatur
551 386 579 443 in
602 382 733 443 Tiberim.
762 380 852 439 victor
875 386 965 435 auteur
984 374 1097 438 Gon-A
1112 385 1191 442 sero,
1218 386 1278 445 quae
1299 368 1495 429 candidianum
1515 380 1620 438 secum
1650 381 1713 442 post
1734 385 1825 427 ιιιιιιιι
1848 372 1898 443 eins

259 482 515 550 smndnusiuurbe
524 471 1056 541 Romanumsummaletitiaexceptus,
1109 464 1223 537 ingerat,
1247 462 1450 523 Ttrmsalonicae
1463 462 1571 522 tandem
1596 464 1805 535 comprehensa,
1821 466 1899 534 capite

259 582 341 639 titulo
354 580 433 655 primi
446 573 595 636 nominisa
618 572 720 631 Senatu
743 569 896 627 decoratur.
924 563 961 622 dt
974 562 1058 621 Maxi·
1110 572 1172 615 cum
1186 564 1335 615 matresua
1347 556 1383 616 ob
1397 555 1555 631 pudicitiam
1569 564 1599 651 ct
1622 555 1811 614 conditionem
1832 556 1898 627 plexa

260 676 361 745 minus,
376 670 419 729 bis
430 668 482 728 etsi
495 680 603 727 summo
617 678 672 723 uon
686 662 747 720 siue
759 660 854 719 dolore
867 656 976 725 auditis,
1001 668 1058 711 non
1109 658 1163 709 est.

260 762 515 843 potuitacouriciis
535 760 658 835 iocisque
682 756 765 831 piane
786 748 984 825 intempestivis
997 746 1060 805 abs·
1146 740 1191 799 52.
1211 739 1297 799 Porro
1317 751 1409 800 autem
1428 740 1546 800 cecilius
1559 740 1705 815 proiitetur
1716 755 1748 798 se
1760 753 1795 797 ea
1807 742 1898 809 omnib,

261 862 359 919 tinere.
1109 836 1190 894 sicuti
1199 845 1273 909 gesta
1287 846 1360 905 sont,
1376 836 1519 894 mandasse
1534 836 1651 905 litteris,
1678 850 1716 893 me
1729 836 1903 894 interiretco·

296 952 412 1009 iti-tt.
433 947 628 1008 Constantinus
642 952 790 1001 sutcmxes
814 942 841 997 in
864 938 936 996 Urbe
949 948 1060 1005 compo
1111 945 1173 986 rum
1191 930 1343 1003 memoria,
1367 938 1414 987 ant
1434 930 1470 988 ab
1494 930 1556 986 aliis
1575 929 1708 1003 deinceps
1732 928 1903 999 Scriptoribm

259 1050 326 1115 suit,
343 1046 469 1115 venitque
482 1041 675 1101 Mediolanum.
688 1036 727 1093 lbi
741 1036 807 1093 dum
820 1034 921 1091 sotoris
930 1046 987 1087 sum
997 1043 1059 1087 cum
1118 1024 1217 1079 veritas
1231 1031 1461 1094 corrumperetur.
1484 1022 1554 1081 Tum
1568 1038 1683 1091 omncs,
1703 1038 1737 1079 ac
1756 1025 1905 1081 nominatim

259 1140 365 1199 Licinio
378 1138 479 1210 nuptie
492 1134 702 1201 conicerentur,
726 1128 892 1187 Maximinus
909 1122 1059 1181 exereitum
1116 1114 1250 1172 Donatum
1264 1113 1433 1184 adhortatur,
1443 1124 1474 1173 ιιι
1486 1124 1612 1184 celeritas,
1629 1126 1742 1187 propter
1754 1116 1907 1187 exstirpatus

259 1248 340 1293 suunt
355 1248 389 1290 ex
401 1230 478 1303 Syria
492 1230 519 1286 in
539 1225 706 1299 bithyniam,
732 1222 861 1280 saeuiente
883 1219 987 1290 hyeme,
1013 1214 1061 1271 de·
1113 1207 1321 1265 christianorum
1345 1217 1542 1279 persecutores,
1571 1219 1599 1265 et
1622 1208 1757 1264 redditam
1787 1208 1907 1266 Ecclesia

259 1326 349 1395 duxit,
363 1324 410 1382 sed
425 1336 534 1395 prorsus
548 1318 689 1376 debilitato
701 1316 819 1386 agmine.
849 1313 960 1370 Fretum
978 1308 1060 1365 nibil·
1116 1319 1222 1375 pacem,
1238 1314 1319 1378 agant
1333 1305 1387 1362 lieo
1400 1305 1510 1377 gratias,
1525 1320 1641 1377 eumque
1652 1316 1812 1377 precentor,
1826 1315 1855 1360 ut
1865 1304 1908 1359 do

259 1424 369 1482 ominus
393 1418 507 1492 trajecit,
531 1425 559 1475 et
575 1414 679 1487 redegit
699 1413 727 1469 in
748 1411 876 1468 ditionem
903 1406 1062 1480 Byzantium
1116 1405 1208 1455 rentes
1221 1396 1359 1453 Ecclesias
1374 1408 1501 1469 perpetua
1513 1398 1605 1470 quiete
1615 1398 1764 1455 custodiat.

259 1525 324 1589 post
335 1512 460 1572 undecim
475 1508 623 1569 obsidionis
637 1506 705 1574 dies,
726 1520 758 1560 ae
783 1503 861 1575 paulo
889 1508 951 1573 post
975 1498 1062 1555 Mera-

262 1610 361 1667 cleam.
389 1604 514 1663 Accurrit
537 1610 628 1659 autem
651 1598 782 1665 licinius,
807 1604 834 1653 et
857 1592 1061 1665 adrianopolim

259 1711 483 1775 praetergressus,
514 1694 620 1752 obuiam
636 1692 771 1759 iiiivenit,
799 1689 947 1761 imparibus
966 1695 1059 1744 tamen
1114 1664 1245 1741 ”iiiiii
1259 1666 1320 1721 ΗΜ
1333 1668 1508 1741 “dimidii
1527 1667 1623 1735 Μίαν
1648 1684 1729 1741 Μ’*
1750 1669 1909 1741 capesset„

259 1796 357 1867 copiis.
385 1788 620 1860 itaqueluturum,
636 1784 813 1858 propediem,
845 1780 969 1853 proelium
999 1777 1101 1841 cumli
1150 1758 1435 1864 ff‘ri‘imloem
1457 1758 1562 1815 ‘imm
1581 1759 1668 1815 ΨΜ
1692 1760 1792 1833 “⁸9¹²
1814 1762 1909 1832 Palm

259 1893 384 1945 cerneret
396 1882 566 1949 Maximinus,
582 1888 674 1937 uotum
690 1877 724 1933 de
739 1874 904 1941 christianis,
926 1870 950 1929 si
973 1872 1061 1929 uictor
1149 1864 1242 1923 'idm
1254 1861 1399 1925 imiim-

258 1990 343 2047 esset,
368 1976 571 2050 exstinguendis
596 1973 654 2031 iuti
680 1987 731 2029 suo
755 1971 839 2026 vovit.
861 1966 981 2024 licinius
994 1980 1060 2023 tero
1169 1966 1265 2041 Iniqua
1279 1968 1358 2042 plane
1370 1967 1422 2025 luit
1433 1966 1514 2042 hujus
1527 1968 1624 2038 libelli,
1650 1970 1733 2028 sicuti
1752 1978 1782 2028 ιι
1800 1970 1910 2028 adornas

257 2077 382 2149 proxima
398 2080 460 2129 autc
476 2084 591 2143 pugnam
616 2074 696 2124 nocte
717 2064 871 2133 quiescens,
898 2057 932 2117 ab
955 2058 1060 2129 mugeto
1110 2058 1380 2130 quamplurimorum
1394 2057 1511 2118 lortuna.
1535 2060 1588 2118 Per
1602 2062 1718 2133 piurima
1731 2063 1806 2118 enim
1815 2062 1909 2119 santa

258 2168 354 2225 didicit
368 2178 487 2239 precem,
501 2176 554 2235 qua
567 2160 647 2225 laeta,
661 2154 887 2213 irestesrinceret.
896 2149 965 2209 Tum
971 2149 1059 2207 Maxi·
1111 2151 1140 2209 in
1151 2151 1382 2211 bibliothecarum
1397 2154 1503 2225 angulis
1517 2156 1648 2227 sepultus,
1676 2156 1833 2228 neminique
1852 2172 1910 2229 cog·

257 2260 349 2317 minus
363 2266 452 2314 castra
467 2254 562 2321 ῐῐιῡιῑῑι
589 2266 620 2307 ³0
646 2248 789 2313 licinium,
813 2261 874 2301 iiim
897 2259 951 2315 il¹¹⁰
974 2242 1059 2300 Milli*
1110 2247 1195 2316 uitus,
1209 2262 1271 2305 cum
1283 2247 1376 2306 blattis
1390 2257 1417 2308 ιι
1438 2248 1520 2307 tineis
1545 2250 1663 2307 luctatus
1682 2260 1735 2307 est.
1761 2250 1816 2307 Scd
1842 2264 1911 2306 anuo

260 2360 340 2411 cutus
360 2357 436 2417 erat,
459 2351 638 2417 aspernatus,
663 2340 697 2396 ad
720 2352 813 2412 pacem
830 2336 895 2393 lerri
913 2348 1059 2408 numquam
1111 2342 1220 2400 tandem
1234 2342 1304 2400 iiiiii
1317 2344 1360 2401 sir
1383 2343 1552 2403 clarissimus
1576 2344 1609 2403 o.
1634 2344 1777 2413 Moucanlt,
1805 2346 1910 2401 tumis

258 2442 356 2518 potuit.
370 2441 461 2497 Pridie
480 2438 562 2513 igitur
578 2433 708 2493 kalendas
726 2432 786 2488 Maii
807 2430 840 2486 nd
861 2442 957 2485 manus
976 2442 1060 2485 renc-
1110 2436 1356 2511 Aquitaninregint
1370 2447 1501 2511 questos,
1528 2451 1676 2495 nuncrcxo
1694 2436 1794 2496 Comes
1814 2436 1909 2495 Consi·

258 2543 334 2604 tum.
348 2550 380 2591 ³0
394 2533 495 2589 milites
508 2528 639 2586 Ιιῑθῑῐὶῑθῑῐῐ
655 2525 854 2596 liiiffl⁰ifflll0¹l¹
877 2519 1004 2577 invidum
1031 2519 1058 2588 51¹
1110 2533 1257 2603 siscianus,
1285 2536 1498 2606 manuscriptum
1525 2533 1599 2591 iilius
1622 2534 1745 2593 codicem
1767 2535 1871 2592 invenit
1884 2536 1909 2591 ix

257 2627 362 2685 bostes.
378 2626 434 2683 Nec
453 2623 543 2681 111ῑῦοΐ
555 2622 590 2677 ib
608 2619 648 2677 ⁰5⁵
669 2618 696 2675 ΠΙ
716 2618 860 2689 ipsummet
873 2612 1056 2679 Mamilium,
1109 2621 1295 2681 Moissinccnsi
1308 2624 1372 2682 olim
1384 2626 1488 2683 ordinis
1502 2627 1590 2684 uncti
1605 2627 1746 2685 Benedicti
1771 2639 1904 2685 monaste·

256 2719 429 2792 precibusne
442 2716 520 2772 donis
533 2712 593 2771 illos
615 2710 818 2773 sollicitantem,
835 2706 864 2761 bt
879 2705 1006 2776 impetus,
1022 2702 1058 2759 is·
1110 2716 1163 2786 ῆι),
1179 2732 1227 2775 ,gu
1240 2718 1349 2775 ,qppaga
1360 2720 1634 2792 mru„,„„„s„„„„‚
1649 2738 1710 2794 qum
1721 2721 1777 2793 jam
1790 2737 1806 2777 2
1818 2723 1902 2793 ppmq.

256 2816 354 2887 quead
366 2828 430 2869 ⁵⁰⁰⁵
450 2809 573 2883 risibile
586 2806 699 2879 winili·
724 2800 915 2860 ¹⁰¹0ii¹¹¹iii⁰⁵
930 2801 988 2872 05⁰⁵
1004 2814 1059 2855 ⁰³²·
1111 2810 1252 2869 bosatmis
1267 2812 1444 2883 acanonicis,
1475 2814 1599 2883 otaiunt,
1620 2813 1796 2872 saecularibus
1819 2816 1910 2871 incoli-

252 2909 330 2979 iitur
343 2908 463 2978 inmune.
478 2914 648 2975 sensuum
663 2897 798 2955 exercitus
811 2902 957 2965 prosimu,
977 2901 1059 2964 atque
1110 2912 1166 2962 tur.
1187 2904 1351 2974 narravero,
1368 2906 1711 2981 struimusmterpusna
1726 2925 1812 2977 mora,
1835 2908 1908 2966 sitnm

255 3004 342 3062 iiiiii
359 3004 384 3058 1¹¹
400 3001 488 3073 lugam
503 3010 580 3055 lem
596 3004 647 3053 0⁸²·
677 2992 768 3048 Victus
782 2993 871 3062 stalli
884 2986 1057 3055 M³¹i¹¹¹¹¹¹¹¹⁵2
1110 2996 1232 3069 aliosque
1246 2998 1400 3069 complures
1412 2999 1451 3058 ibi
1464 3010 1597 3072 repertos,
1619 3001 1772 3059 transmisit
1799 3002 1833 3058 ad
1853 3002 1909 3058 illu

255 3096 354 3169 abiecit
367 3093 483 3165 regalem
503 3103 661 3163 purpuram,
677 3094 830 3156 assumpta
855 3081 946 3142 seruili
970 3089 1056 3151 veste,
1110 3088 1274 3145 strissintum
1287 3090 1374 3147 tirum
1386 3089 1518 3150 ioannem
1532 3090 1690 3150 Coibcrtum
1709 3094 1787 3167 regni
1799 3093 1908 3151 admini-

255 3188 439 3246 Nicomediam
450 3184 581 3242 citissime
594 3179 724 3252 coniugii.
753 3177 819 3235 lude
844 3191 929 3235 uxore
950 3174 1094 3243 liberis-c
1110 3183 1326 3254 strumqoipro
1346 3198 1453 3242 summo
1477 3200 1528 3242 suo
1550 3187 1577 3242 in
1601 3186 1706 3244 litteras
1729 3187 1820 3244 studio
1842 3189 1908 3243 buuc

256 3297 309 3353 aue
323 3281 379 3338 sura
392 3278 491 3350 raptim
503 3275 635 3340 asaneus,
651 3287 713 3330 cum
729 3271 821 3343 paucis
831 3265 1060 3328 maritumaque
1111 3289 1173 3334 cum
1186 3276 1247 3334 atos
1258 3278 1376 3350 uritque
1386 3281 1547 3352 conquisitis
1554 3281 1637 3352 jussu
1649 3281 1677 3337 m
1689 3298 1737 3338 sua
1747 3279 1907 3340 ursticium

256 3375 446 3443 inlicientem,
461 3370 626 3430 accollectis
640 3385 674 3426 ex
689 3366 749 3440 luga
766 3367 915 3434 militibus,
938 3363 1060 3424 substitit
1110 3368 1217 3442 repom.
1242 3370 1335 3427 Paruit
1358 3371 1450 3443 traque
1463 3371 1625 3430 nobilissimi
1640 3375 1689 3431 pq}
1706 3375 1840 3431 mandaris
1853 3375 1908 3431 spe.
1993 3372 1994 3437 j

256 3470 284 3526 in
299 3469 468 3542 Cappadocia
479 3511 486 3536 ,
497 3467 543 3524 ubi
556 3466 704 3536 resumpsit
718 3479 877 3539 purpuram.
1111 3459 1216 3534 pisanus
1228 3461 1364 3529 Buluuitts,
1380 3464 1427 3538 qui
1442 3465 1651 3523 tumditissimac
1673 3467 1714 3524 illi
1739 3468 1906 3526 bibliothece
1993 3442 1994 3459 Χ

292 3563 337 3621 db.
355 3563 450 3620 Paucis
464 3571 554 3618 autem
569 3569 630 3633 post
655 3559 725 3616 banc
746 3573 861 3631 pugnam
875 3555 971 3612 diebus
983 3553 1058 3611 Lici·
1111 3562 1239 3626 prtecrat,
1251 3561 1413 3626 atqueanno
1424 3557 1608 3629 subsequente
1618 3558 1700 3625 tulo,
1711 3557 1784 3616 bunc
1797 3561 1905 3617 demm-

257 3661 321 3718 nios
341 3658 489 3717 exercitum
510 3671 588 3712 suum
612 3655 756 3724 traiecerat
766 3653 793 3708 in
807 3651 971 3724 bithyniam.
998 3648 1059 3720 ipse
1110 3644 1375 3717 liduspetsscatoraut
1388 3647 1488 3705 librum
1501 3649 1593 3707 exilio
1618 3649 1700 3706 unico
1722 3650 1820 3710 codice
1840 3655 1906 3727 typis

256 3767 324 3809 uero
338 3747 520 3810 Nicomediam
549 3747 696 3819 ingressus,
724 3746 822 3816 gratias
847 3743 963 3816 primum
989 3742 1058 3809 ileo,
1110 3734 1280 3792 edicttrutii·

256 3847 334 3916 cujus
347 3861 399 3916 ope
410 3845 522 3908 vicerat,
537 3840 638 3908 retulit,
661 3855 695 3896 ac
708 3837 807 3896 deinde
823 3837 912 3894 idibus
924 3837 996 3894 iutrii
1012 3852 1059 3893 so
1146 3834 1260 3892 bionitos
1272 3846 1362 3896 autem
1377 3854 1428 3897 uos
1441 3838 1488 3897 iile
1499 3839 1563 3898 iecit
1576 3840 1778 3916 buncceipsun
1789 3842 1905 3902 codicem

257 3940 347 3997 lemna
359 3939 476 3996 edietum
492 3950 540 4006 pro
553 3933 726 3991 instauranda
755 3931 885 4004 religione
911 3931 1057 3989 christiana
1109 3929 1285 4001 essequidem
1296 3932 1441 4006 integrum,
1453 3935 1500 3992 sed
1511 3934 1617 3993 utendis
1627 3936 1759 3996 iniectum
1770 3938 1901 4012 pluribus,

256 4034 409 4107 proposuit,
433 4027 659 4103 quemadmodum
675 4028 718 4084 iric
733 4025 858 4084 aCccilio
874 4036 967 4083 nostro
980 4025 1058 4083 exiti·
1109 4035 1226 4092 eumque
1246 4022 1280 4078 ab
1307 4025 1386 4080 annis
1410 4025 1518 4082 circiter
1538 4027 1702 4101 octingentis
1723 4030 1760 4086 ab
1782 4030 1902 4104 imperita

257 4127 346 4184 betur.
358 4125 488 4183 licitatus
499 4133 541 4182 est
555 4125 667 4194 insuper
680 4132 708 4177 nt
717 4120 925 4178 christianorum
937 4135 1056 4176 consen·
1110 4113 1323 4186 mortu-‘criptum
1337 4115 1433 4174 rideri.
1460 4115 1515 4175 Sed
1536 4118 1599 4190 quia
1623 4119 1714 4190 piures
1737 4122 1818 4180 novis
1840 4123 1905 4180 illim

256 4219 337 4275 tieuia
353 4219 495 4289 pristinum
507 4215 714 4274 restituerentur
726 4214 752 4267 iu
763 4222 873 4268 statum.
915 4213 1004 4282 litque
1020 4213 1058 4266 ita
1108 4207 1273 4264 editionibus
1285 4219 1376 4280 postea
1388 4210 1539 4282 propostam
1551 4215 1693 4284 conquesti
1707 4223 1773 4271 suot
1782 4225 1902 4289 negamur

256 4323 310 4379 pax
324 4307 479 4364 christianas
499 4305 627 4362 Ecclesiae
652 4313 713 4376 post
739 4303 832 4360 decem
859 4303 1057 4374 persecutionis
1108 4299 1162 4356 sibi
1184 4299 1268 4358 luisse
1281 4301 1528 4373 ejusdemcodicis,
1549 4306 1593 4363 uel
1606 4307 1692 4364 semel
1702 4308 1812 4379 quidem
1826 4312 1906 4382 inspi-

257 4414 355 4466 annos,
368 4410 395 4454 et
408 4413 516 4454 menses
530 4397 632 4470 aliquot
646 4397 750 4453 reddita
765 4395 824 4451 luit.
1108 4389 1200 4448 ciendi
1215 4391 1380 4463 facultatem,
1393 4409 1444 4452 tros
1458 4395 1560 4454 idcirco
1573 4397 1657 4455 breue
1675 4398 1748 4459 iiiios
1761 4402 1903 4473 specimen,

296 4494 342 4550 ts.
373 4493 435 4547 i’cat
455 4491 513 4547 baec
526 4504 590 4548 vero
604 4487 723 4544 Licinius
737 4487 909 4545 Maximinum
925 4503 958 4545 ex
973 4487 1056 4544 'larrri
1107 4498 1162 4554 qrto
1176 4481 1212 4540 ab
1226 4485 1352 4543 omnibus
1367 4485 1445 4559 cuius
1464 4485 1558 4546 iormae
1569 4499 1598 4547 et
1608 4491 1698 4548 emtis
1711 4493 1760 4562 sit,
1782 4509 1905 4567 agnosca·

256 4585 358 4642 montis
373 4582 475 4639 lacibus
488 4581 607 4652 expellit,
623 4595 655 4635 ac
668 4579 793 4648 Tarsum,
819 4595 872 4651 quo
885 4581 1054 4653 confugerat,
1068 4575 1096 4636 l)
1108 4583 1163 4644 tur,
1190 4577 1302 4648 hujusce
1318 4577 1518 4637 dissertationis
1544 4581 1623 4641 initio
1648 4584 1834 4643 exhibendum
1846 4603 1901 4645 esse

1422 1567 1569 1611 micum
1581 1570 1611 1611 it.

256 4686 327 4734 terra
340 4673 462 4745 marique
474 4671 590 4730 obsidet.
605 4671 726 4729 Territus
748 4672 919 4740 Maximinus,
942 4674 1058 4729 acreiu-
1108 4670 1276 4728 censuimus.
1291 4671 1477 4729 Nobisautem
1497 4673 1581 4742 iilius,
1601 4674 1716 4747 jubente
1729 4677 1903 4735 illustrissimo
1992 4708 1993 4749 q

255 4767 513 4842 giosalutequesoa
528 4763 689 4836 desperatis,
711 4763 802 4822 bausit
825 4779 970 4822 terrenum.
1001 4763 1057 4822 Sed
1108 4763 1208 4822 abbate
1222 4762 1361 4833 Colberto,
1377 4765 1484 4837 copiam
1497 4763 1563 4823 lecit
1576 4764 1610 4823 [l.
1624 4767 1741 4826 carolus
1755 4769 1902 4834 buclaesnc,
1992 4764 1993 4829 i

257 4863 356 4922 eiboet
370 4862 434 4918 vino
446 4875 507 4917 eum
523 4859 597 4932 prius
617 4873 679 4916 sese
696 4858 898 4931 ingurgitasset,
928 4875 975 4930 per
996 4858 1057 4918 dies
1108 4855 1274 4915 colbertinae
1288 4857 1461 4916 bibliothecas
1474 4847 1548 4916 nuuc
1558 4859 1715 4932 proiectus,
1731 4863 1773 4919 rir
1783 4863 1902 4921 omnibus
1992 4838 1993 4863 ¹

256 4965 371 5034 quatuor
381 4955 508 5012 maximis
524 4952 733 5025 praecordiorum
748 4951 887 5008 doloribus
902 4951 935 5007 ad
951 4953 1057 5009 rabiem
1107 4949 1205 5023 utique
1226 4965 1281 5008 nou
1306 4950 1396 5007 minus
1419 4951 1522 5020 pietate
1535 4967 1616 5023 quam
1631 4952 1756 5011 doctrina
1768 4971 1901 5013 commen-

254 5064 341 5121 usque
355 5047 483 5120 percitus,
498 5059 530 5102 ac
542 5041 651 5102 cbristo
661 5031 759 5101 irt'tstra
774 5043 910 5109 invocato,
923 5053 1054 5101 nocentem
1107 5041 1224 5100 dandus.

254 5143 376 5215 spiritum
390 5138 531 5196 detestabili
543 5138 631 5194 mortis
643 5153 733 5210 perime
743 5137 843 5208 epictii.
1143 5134 1174 5192 Ιιι
1186 5135 1235 5194 ilio
1248 5144 1340 5194 autem
1352 5134 1502 5195 colbertini
1522 5137 1626 5195 codicis
1653 5141 1805 5211 specimine
1827 5141 1900 5213 iussi·

267 5293 269 5296 ,
289 5231 395 5290 ¹iii-bl.
409 5229 486 5286 Mune
496 5245 572 5302 ergo,
584 5229 670 5301 inquit
678 5237 773 5286 auctor
782 5237 886 5298 noster,
902 5229 929 5285 in
941 5229 1051 5287 modum
1106 5241 1169 5285 mus
1186 5229 1390 5287 accuratissime
1406 5228 1502 5286 excudi
1516 5229 1649 5302 integram
1664 5246 1736 5304 pene
1748 5234 1860 5306 primam
1872 5235 1899 5290 ii·

253 5324 382 5384 exstincti
394 5333 457 5380 sunt
468 5321 589 5380 uniuersi
601 5319 759 5379 obristiauae
770 5320 911 5395 religionis
924 5335 1054 5395 persecu·
1105 5320 1160 5380 lius
1174 5322 1311 5395 paginam,
1326 5321 1423 5380 iisdem
1438 5323 1551 5378 omnino
1564 5339 1727 5396 expressam
1755 5325 1852 5384 litteris
1873 5337 1897 5383 et

252 5430 339 5488 tores,
352 5430 467 5491 quotum
479 5417 556 5475 nulla
568 5429 679 5488 prorsus
692 5427 744 5472 nec
753 5413 846 5488 stirps,
861 5429 912 5472 nec
923 5414 1000 5472 radix
1013 5430 1054 5474 re
1105 5413 1321 5485 characteribus,
1334 5414 1434 5487 quibus
1448 5421 1521 5472 totus
1543 5415 1602 5487 ipse
1629 5431 1644 5471 a
1668 5417 1759 5475 scriba
1781 5427 1898 5476 exaratus

251 5513 365 5570 mansit.
390 5508 510 5568 Licinius
536 5508 636 5581 quippe
657 5505 806 5574 Valerium,
818 5515 846 5563 et
854 5506 1053 5566 candidianum
1105 5519 1160 5568 est.
1192 5509 1260 5578 Quae
1274 5523 1338 5567 reru
1353 5509 1379 5565 in
1406 5510 1526 5565 securma
1552 5518 1580 5566 et
1605 5512 1684 5566 tertia
1710 5510 1783 5569 linea
1811 5525 1897 5570 cemes

250 5603 385 5661 ainleria
399 5601 566 5673 adoptatum,
591 5599 766 5659 Severianum
780 5597 874 5657 Seueri
888 5599 983 5670 illium,
1008 5609 1051 5658 at·
1106 5603 1219 5672 omissa,
1232 5602 1292 5660 bec
1305 5601 1443 5674 glutinoso
1454 5601 1571 5674 quodam
1584 5616 1700 5672 corpore
1711 5605 1895 5676 superinducto

249 5713 302 5769 que
311 5707 452 5754 octennem
465 5694 604 5752 Maximini
615 5693 711 5764 illium,
724 5693 861 5765 illamque
871 5693 929 5766 ejus
942 5703 1051 5766 septen·
1104 5692 1198 5752 deleta
1212 5693 1265 5766 legi
1286 5708 1342 5752 non
1369 5702 1494 5765 possoub
1525 5693 1668 5750 Breviores
1694 5710 1763 5751 uero
1787 5697 1895 5768 ejusdem

249 5803 323 5858 nem,
339 5787 508 5846 candidiano
519 5787 694 5860 desponsam,
705 5785 786 5860 jussit
798 5785 925 5843 iutcrdci.
940 5783 1050 5845 Valeria
1105 5787 1211 5864 paginae
1224 5785 1316 5842 biatos
1329 5784 1394 5841 lacti
1408 5794 1471 5842 sunt
1487 5784 1630 5857 putredine
1654 5793 1682 5842 ιι
1698 5785 1781 5859 tabo,
1808 5785 1894 5864 quibus
