4017 6350
70 232 142 295 843
472 234 629 294 bissena.
649 234 686 295 to
704 234 771 295 Lis.
789 236 833 295 DE
853 237 1029 301 hauriatis
1047 240 1242 308 PERSECUT.
1261 247 1341 309 CAP.
1362 249 1384 307 Ι.
1695 256 1750 317 sto

70 354 105 409 in
120 353 303 423 Galliam,ut
316 352 524 411 Constantinum
539 367 596 409 suae
603 352 787 411 minorisdliae
798 354 898 427 nurptiis
910 358 939 419 Α
950 358 1000 414 ciis
1013 356 1128 419 instituit
1141 364 1255 423 deorum
1270 379 1382 423 suorum
1392 366 1547 442 pontillces,
1570 368 1616 441 qui
1637 370 1749 429 eosdem

70 444 136 503 sibi
166 446 341 505 conciliaret.
364 448 424 519 lpse
446 460 512 504 acro
536 446 661 505 Galerius
685 446 809 515 Romam,
832 464 846 503 a
870 464 900 507 se
952 446 1051 506 Christi
1065 451 1212 529 discipulus
1225 458 1259 514 ad
1278 456 1359 530 impia
1372 458 1502 517 sacrlllcia
1521 457 1642 519 ludenda
1667 475 1749 536 coge·

71 538 220 597 nondum
233 540 329 609 visam,
344 540 471 597 invadere
488 540 589 597 trustra
603 541 708 597 nititur.
729 540 795 597 Nam
817 540 900 615 logic-
950 552 1023 597 rcnt.
1044 542 1086 601 Ab
1099 560 1130 602 ea
1144 557 1234 605 tamen
1250 549 1458 609 christianorum
1473 554 1663 628 persecutione
1676 554 1751 613 litte·

69 628 173 687 rtibus
191 638 295 687 tanturm
311 630 399 687 scelus
413 630 623 702 detestantibus,
638 630 831 690 timuitSeteri
844 632 901 691 eri·

73 736 160 795 trum,
180 744 217 785 ac
231 728 292 799 iuga
304 740 393 801 capta,
408 730 441 787 ad
454 730 533 806 sedes
554 748 618 789 suas
637 747 667 788 se
687 732 808 803 recepit,
825 742 901 807 pust-

67 832 173 893 quam
193 820 298 879 ltaliam
310 822 440 881 militibus
459 822 646 883 crudelissime
663 826 821 883 uastandam
837 827 900 888 reii-

96 913 213 972 uisset.

71 928 92 983 q
114 1006 161 1063 28
173 1008 232 1067 29.
250 1008 352 1068 Dehinc
367 1010 508 1070 Herculius
524 1024 557 1071 es
573 1010 669 1069 Galliis
679 1012 795 1071 Romam
805 1028 899 1073 rever-

72 1102 126 1169 tit,
148 1104 204 1161 uhi
232 1118 376 1162 commune
389 1106 532 1178 imperium
546 1107 663 1164 babebat
677 1124 737 1165 erum
753 1108 897 1166 Maxentio.

71 1192 139 1253 Sed
157 1198 227 1269 quia
243 1200 277 1254 ab
290 1200 348 1273 ejus
362 1200 481 1263 humeris
496 1218 642 1275 purpuram
666 1202 772 1275 publiea
790 1204 816 1260 iu
833 1220 899 1261 cun·

951 634 989 693 rls
1002 634 1339 717 Gousourtlnldcterrhus,
1361 644 1540 705 dissimularit
1552 644 1671 720 onmem,
1700 650 1749 709 sed

951 732 1057 789 sinebat
1070 734 1129 791 illos
1141 740 1245 797 occulte
1261 742 1344 799 maris
1361 736 1442 799 antiis
1454 737 1603 817 submergi.
1627 738 1669 801 Ad
1691 736 1751 801 baec

950 840 1026 889 reru,
1043 839 1071 883 ut
1084 842 1132 884 eos
1145 839 1253 889 necaret
1272 829 1353 901 lama,
1377 846 1423 891 aut
1442 832 1587 907 prohibitis
1601 836 1672 893 oscis
1687 846 1752 893 cutt-

951 919 1106 988 tantinaret,
1124 922 1226 992 priuuus
1236 925 1356 981 omnium
1368 929 1497 999 praecepit
1506 938 1601 985 cuncta
1613 922 1751 997 animalis,

949 1012 1048 1083 quilius
1063 1013 1209 1083 vescimur,
1223 1014 1257 1071 ad
1271 1014 1383 1074 deorum
1393 1030 1455 1075 aras
1469 1020 1616 1089 immolari,
1643 1031 1672 1079 et
1693 1036 1754 1081 om-

949 1104 993 1161 nia
1008 1106 1042 1161 ad
1056 1108 1154 1165 uictum
1171 1108 1325 1167 neccssaria
1336 1108 1461 1184 delibari,
1475 1116 1676 1173 autsacrlllcari
1686 1160 1694 1185 ,
1706 1126 1754 1175 aut

950 1200 1174 1272 perlumlimcro.
1204 1205 1324 1277 Denique
1351 1207 1433 1264 tantis
1456 1208 1563 1267 tributis
1589 1224 1642 1268 nou
1670 1209 1754 1270 modo

72 1292 171 1350 clotte
190 1292 359 1363 diripuerat,
375 1314 408 1353 ex
425 1298 474 1353 hac
490 1296 556 1354 urbe
577 1307 713 1369 tamquam
736 1296 899 1369 Tarquinius
949 1290 1121 1361 christianos,
1143 1294 1190 1353 sed
1206 1308 1320 1355 ssaelerot
1334 1314 1430 1357 ornnes
1452 1300 1608 1372 opplessii;
1636 1313 1667 1361 ttt
1688 1304 1753 1363 inor

71 1384 233 1457 Superbus
247 1390 351 1460 ejectus
363 1398 415 1447 est,
430 1390 495 1448 lapte
511 1392 601 1463 itaque
617 1406 667 1463 per
680 1390 782 1449 Gallias
796 1390 830 1445 atti
845 1389 899 1447 Ga·
949 1398 1044 1443 exorla
1062 1388 1143 1455 idme,
1171 1399 1198 1447 et
1217 1392 1354 1462 omitiittts,
1380 1408 1440 1465 qllae
1452 1394 1559 1453 Diocles
1571 1406 1598 1454 ei
1613 1396 1755 1459 lierculltts
1798 1392 1804 1403 ¹

73 1482 190 1539 leriunr
207 1488 353 1558 proiectus,
367 1487 442 1543 illum
463 1488 693 1545 rucrruciliatiouis
714 1488 806 1558 specie
826 1486 898 1543 occi·
949 1478 1537 1553 11111111θηῦ1,1111111311,3111111111111Ε11511111.
1565 1499 1643 1547 molo
1666 1487 1751 1549 lailo-

73 1574 167 1641 dere,
188 1588 216 1633 et
229 1578 346 1648 spoliare
357 1594 440 1651 regum
451 1580 641 1636 meditabatur.
655 1585 705 1635 out
717 1580 763 1635 ubi
773 1581 899 1651 cogitarit
950 1572 1192 1636 ssun1.h0mittibus
1206 1592 1254 1647 pro
1268 1592 1366 1651 nurgum
1379 1578 1484 1637 dederit
1498 1578 1641 1641 beneflcio,

74 1667 242 1733 Licinium,
256 1670 347 1727 Diocle
360 1684 502 1742 praesente,
516 1672 617 1727 iaictnru
631 1673 665 1729 ab
680 1674 776 1729 crudem
789 1672 899 1731 Galerio
985 1664 1096 1723 5842·
1115 1668 1151 1723 ¹¹3³
1163 1680 1253 1725 1111111111
1267 1678 1376 1743 binique
1391 1670 1521 1729 effrenata
1535 1684 1604 1741 0111,
1616 1674 1753 1749 (lateritia

74 1760 302 1829 irrepseratorem,
319 1772 382 1817 tuuc
396 1778 489 1819 rursus
501 1762 621 1835 conlegit
632 1763 664 1821 ad
676 1762 895 1819 Carrrstamiuom.
913 1763 937 1828 Β
950 1772 966 1814 a
979 1758 1089 1829 Cecilio,
1104 1760 1178 1817 illius
1191 1761 1273 1820 libido
1288 1778 1295 1831 ;
1322 1774 1351 1821 ηι
1373 1764 1473 1823 nullius
1486 1768 1610 1840 ingenuae
1622 1766 1753 1841 itemiuae,

75 1848 178 1919 Ouessa
194 1850 303 1921 uuidem
316 1862 345 1909 ut
360 1854 464 1909 lucilius
484 1854 642 1927 deciperet,
665 1854 774 1929 deponit
793 1872 899 1929 purpu·
954 1860 1000 1906 aut
1015 1850 1137 1923 uirginis,
1152 1854 1204 1910 uisi
1217 1854 1252 1911 eb
1266 1854 1479 1927 determitatem,
1492 1868 1547 1916 tuta
1562 1874 1623 1918 esse
1636 1857 1755 1934 potuerit

74 1960 157 2013 ram,
178 1946 275 2019 illique
287 1948 480 2018 adbucjurcui
497 1948 654 2018 persuadet,
669 1959 699 2004 ut
718 1950 752 2004 ad
768 1950 900 2007 barbaros
951 1944 1101 2015 integritas.
1115 1946 1273 2019 Nuptiarum
1290 1961 1422 2021 praterea
1435 1954 1556 2011 omnium
1573 1953 1619 2013 iile
1642 1972 1751 2031 pregu-

74 2036 273 2095 oobettrrndffl
287 2041 379 2111 paucis
390 2054 453 2097 oum
478 2040 609 2097 miltiibus
634 2040 829 2110 proticiscarur.
844 2041 899 2099 Nec
950 2046 1047 2105 stator,
1062 2050 1232 2111 corruptasa
1247 2058 1277 2098 se
1287 2044 1405 2116 uirgines
1419 2046 1518 2113 seruis,
1540 2057 1622 2121 atquae
1637 2050 1754 2109 violatas

78 2132 181 2187 multo
210 2142 272 2205 post
300 2134 423 2205 proditor
451 2134 588 2201 nefarius,
606 2145 745 2206 resumpta
759 2149 896 2207 purpura,
951 2132 984 2189 ab
999 2134 1059 2190 aliis
1073 2136 1215 2206 primarias
1232 2139 1371 2208 mulieres,
1392 2143 1418 2197 in
1441 2144 1645 2201 matrimonium
1667 2136 1753 2205 cultis

77 2225 273 2297 capitalisque
292 2224 462 2283 Corratantini
488 2226 622 2283 thesauris
647 2226 759 2299 aufugit,
783 2241 898 2299 occupa·
950 2224 1053 2298 petenti
1064 2227 1240 2285 eorreedebat.
1268 2228 1466 2290 ltecusantibus
1480 2250 1546 2292 reru
1570 2238 1611 2294 uis
1625 2237 1706 2294 allata
1718 2230 1754 2297 ab

77 2316 184 2389 vitque
198 2318 466 2377 Massiliamicrum
474 2320 668 2379 Constantinus
679 2324 748 2377 mira
759 2320 898 2381 celeritate
950 2316 1129 2389 stipatoribus
1139 2321 1206 2388 suis,
1221 2321 1357 2395 plerisque
1367 2325 1494 2381 omnious
1504 2326 1611 2395 Gothis,
1636 2343 1752 2401 utrorum

79 2426 251 2485 segregans,
277 2414 370 2471 uppem
398 2416 467 2473 harre
492 2416 617 2485 obsidet,
643 2431 676 2472 aa
702 2432 767 2489 pace
796 2417 897 2472 trustra
950 2422 1033 2479 opera
1046 2407 1184 2466 Rurrtauus
1196 2420 1224 2469 ct
1248 2415 1382 2471 orientem
1410 2416 1527 2473 ludibrio
1550 2415 1653 2477 imbuit.
1680 2416 1753 2492 Quia

78 2508 195 2576 obtuso,
223 2524 285 2565 oum
308 2510 391 2580 coptu,
413 2518 440 2567 ot
463 2508 584 2567 detracta
609 2510 705 2567 retent
724 2508 896 2579 insperatum
950 2504 1030 2558 etiam
1046 2504 1184 2575 inprobus
1199 2506 1240 2562 vir
1254 2508 1415 2581 rogorum,
1439 2512 1549 2583 nuntias
1570 2514 1629 2585 elus
1650 2514 1751 2589 deure-

78 2610 179 2667 seste,
197 2604 284 2660 noluit
299 2603 376 2659 ilium
393 2606 446 2661 rita
463 2606 580 2675 prirare.
951 2606 1071 2668 cautem,
1082 2596 1135 2656 huc
1147 2600 1265 2672 illacque
1279 2616 1340 2658 cum
1353 2612 1503 2661 matresua
1522 2606 1637 2679 projecit
1655 2609 1682 2665 ln
1705 2620 1754 2667 es·

119 2695 228 2753 50432.
242 2695 336 2751 bicliur
349 2696 433 2751 uitrilo
445 2706 587 2769 propterea
613 2696 708 2761 lactus,
721 2694 788 2752 allas
800 2696 898 2755 struxit
949 2690 1036 2746 ilium·
1069 2692 1135 2764 Eitis
1153 2703 1244 2750 aulem
1259 2696 1360 2753 amicas
1374 2698 1442 2753 falso
1461 2698 1651 2757 condemnarit
1673 2696 1753 2757 adul·

80 2788 274 2846 Constantino
287 2790 409 2846 insidias.
426 2790 478 2849 scd
501 2790 533 2845 iis
550 2790 678 2847 aliausta
693 2790 820 2860 detectis,
834 2808 894 2863 spa·
950 2784 1021 2839 terii.
1036 2780 1072 2839 ht
1086 2793 1140 2842 tres
1155 2788 1324 2857 potissimum
1343 2804 1377 2845 cx
1391 2790 1425 2845 iis
1443 2790 1548 2848 nobiles
1569 2788 1696 2848 ioemluas
1710 2806 1754 2851 ra·

80 2880 191 2939 donem
209 2898 258 2953 pru
274 2884 451 2939 coruscamine
470 2882 625 2938 obtruncat.
638 2884 810 2953 Quapropter
827 2884 895 2939 urrtl
949 2890 1042 2935 censet
1055 2878 1183 2947 Ccciiius,
1197 2899 1256 2951 utta
1269 2896 1285 2936 a
1296 2882 1412 2954 quisdam
1424 2880 1518 2941 Judacu
1533 2885 1612 2956 liuius
1629 2884 1752 2944 criminis

81 2975 205 3031 sceleris
228 2990 324 3046 poenas
349 2975 496 3047 suspendio
518 2975 623 3031 statuere
638 2978 754 3047 cogitur.
775 2974 897 3033 Galerius
950 2968 1087 3027 immerito
1101 2985 1244 3041 accusatu,
1258 2974 1291 3030 ad
1311 2974 1473 3046 autololum
1493 2974 1564 3034 inter
1584 2992 1686 3035 cuneos
1709 2988 1754 3034 at·

81 3066 202 3125 interim
219 3076 247 3123 ut
266 3084 378 3141 magnos
399 3070 425 3123 in
441 3068 620 3125 vicennalium
642 3084 753 3124 suorum
771 3068 896 3125 celebra·
951 3074 1085 3121 litatorum
1100 3066 1222 3123 deitatem.
1237 3076 1309 3122 sunt.
1334 3070 1476 3139 itttputietts
1497 3086 1561 3127 vero
1574 3068 1755 3129 calumniatio?

83 3162 162 3220 tione
170 3162 397 3235 strrnptusiacere
406 3173 509 3236 posset,
517 3179 612 3221 nntnes
623 3161 932 3230 itttoleraudiscbruitc
950 3154 1060 3214 ludauus
1076 3169 1167 3228 prostes
1183 3160 1304 3232 patibulo
1318 3160 1424 3232 allisus,
1452 3176 1545 3218 11111111
1569 3163 1753 3238 intimabant

82 3257 283 3330 vectigalibus.
298 3257 437 3316 Maximini
452 3273 545 3330 porro,
558 3259 602 3328 qui
617 3271 648 3314 se
667 3255 803 3312 Gaesarem
816 3259 896 3312 tertio

83 3353 147 3410 loce
162 3353 302 3410 nominari
318 3355 509 3410 molestissime
524 3352 639 3420 larebat,
655 3353 742 3408 rictus
755 3360 897 3406 contuma-

86 3446 141 3513 cia,
159 3445 236 3502 tollit
248 3443 387 3502 Caesarum
403 3461 515 3512 nornen,
531 3459 625 3515 seque,
641 3454 667 3500 et
681 3441 815 3498 Licinium
837 3439 895 3496 liu·

84 3551 183 3612 gustos
198 3552 347 3613 nuncupat,
360 3550 389 3598 et
409 3541 573 3596 Maurentium
589 3547 670 3611 atque
683 3536 895 3595 Constantinum

85 3638 275 3709 linguatorum
290 3637 370 3693 otios.
387 3638 420 3694 ht
435 3635 597 3692 ilariminus
612 3635 637 3691 ei
658 3635 798 3706 rescripsit
818 3649 848 3692 se
868 3631 895 3690 in

85 3743 188 3803 canapo
200 3729 295 3786 blartiu
309 3729 499 3802 imperatorem
516 3729 601 3786 luisse
615 3729 773 3786 salutatum.

123 3823 236 3882 tls-55.
259 3825 359 3894 agebat
377 3835 441 3879 tunc
462 3823 585 3880 Galerius
608 3823 745 3879 decimum
768 3833 895 3878 octauum

86 3915 198 3987 imperii
212 3915 255 3973 sul
265 3931 377 3984 artuum,
394 3931 455 3972 cum
468 3917 599 3972 horrenda
618 3917 698 3987 plane
711 3926 737 3972 ct
750 3914 894 3971 insanabili

86 4008 114 4064 in
124 4009 250 4068 interiori
261 4010 416 4082 genitalium
426 4017 501 4080 parte
513 4010 590 4080 plaga
600 4006 758 4081 percutitur.
770 4007 894 4065 blathum

87 4107 285 4166 burrcCcciiius
296 4117 398 4173 noster,
412 4119 439 4164 et
451 4107 569 4164 rerrrcdia
582 4121 629 4178 per
642 4123 743 4162 annium
756 4107 893 4179 integrum

88 4199 225 4258 inutiliter
241 4199 370 4266 adbibita,
398 4201 455 4256 tusc
478 4197 617 4256 describit.
647 4199 684 4256 lbi
696 4213 762 4256 uero
774 4199 893 4256 edictum

88 4291 210 4362 critibet,
225 4295 295 4365 quod
308 4293 342 4349 ab
357 4295 452 4350 eodem
464 4293 583 4360 Galerio,
598 4293 654 4364 jam
667 4293 721 4360 iam
733 4293 889 4360 deliciante,

89 4384 116 4440 ln
129 4385 286 4442 christianae
299 4385 436 4455 religionis
448 4387 570 4456 gratiam,
585 4395 611 4442 et
622 4396 652 4440 ut
667 4383 751 4440 licum
763 4385 891 4454 placaret,

89 4477 181 4534 datum
197 4485 250 4536 cst.
277 4477 316 4534 Eo
328 4487 418 4534 autern
429 4475 593 4534 Nicomedia
605 4475 784 4548 promulgato,
800 4475 889 4532 burra·

951 3251 1039 3322 palam
1061 3254 1170 3324 quuidem
1192 3251 1356 3323 declararit,
1384 3253 1432 3310 sed
1453 3255 1565 3312 tardius.
1591 3253 1752 3316 ttartoonus

950 3359 1033 3416 porro
1050 3344 1236 3415 Diocletiano,
1263 3349 1409 3422 auguratum
1434 3349 1462 3405 in
1482 3345 1569 3421 Syriae
1591 3349 1753 3410 sottrooioet

950 3439 1109 3510 relegatam,
1124 3441 1206 3497 uariis
1218 3441 1397 3511 legationibus
1408 3442 1460 3498 sibi
1479 3441 1580 3499 remitti
1593 3438 1750 3519 postulanti,

949 3533 1223 3607 semperdenegarit.
1253 3531 1355 3592 Eiidem
1371 3549 1453 3606 porro
1479 3542 1601 3606 tempure
1620 3532 1752 3610 imagines

950 3633 977 3680 et
994 3631 1090 3681 statum
1105 3623 1221 3680 llercuiil
1235 3633 1262 3681 ct
1275 3625 1433 3682 Diocletiani
1446 3623 1535 3684 adbuc
1557 3627 1685 3697 virentis,
1705 3629 1751 3698 lu-

949 3713 1032 3774 bente
1045 3715 1234 3785 consumto,
1247 3727 1416 3776 crertuutur.
1446 3717 1628 3787 Quamobrem
1641 3719 1749 3777 blocia-

950 3811 1040 3868 tlanus
1052 3809 1213 3868 intolerabili
1227 3809 1321 3869 dolore
1334 3810 1397 3868 inde
1406 3813 1538 3884 percitus,
1553 3814 1692 3884 vitamque
1702 3825 1751 3868 ex·

950 3915 1025 3972 osus,
1040 3914 1154 3960 mortem
1169 3905 1261 3960 sibiet
1273 3905 1344 3962 lame
1358 3906 1500 3975 consciuit,
1514 3916 1543 3962 et
1554 3918 1665 3978 augore.

985 3995 1097 4053 lo-tt.
1111 3999 1150 4052 Ex
1165 3995 1290 4053 unrrribus
1306 3997 1397 4067 itaque
1420 3998 1468 4052 liei
1490 3995 1652 4054 aduersariis
1676 3997 1751 4056 solist

949 4099 1092 4160 supererat
1113 4089 1284 4159 llariminus,
1312 4088 1356 4161 qui
1382 4105 1443 4145 cum
1468 4089 1565 4145 Licinii
1593 4090 1750 4162 sororisque

948 4183 1118 4240 Constantini
1133 4183 1269 4254 sponsalia
1282 4192 1407 4253 suspecta
1422 4184 1534 4239 omnino
1561 4183 1684 4250 haberet,
1707 4181 1751 4242 le-

946 4279 1016 4349 gatis
1031 4275 1146 4332 horarum
1159 4277 1260 4346 missis,
1274 4277 1363 4334 ioedus
1376 4293 1436 4332 curn
1449 4277 1596 4348 maxentio,
1611 4276 1678 4334 nibil
1688 4293 1748 4335 ma·

947 4369 1113 4442 pisinuntis
1129 4369 1246 4426 habente
1257 4367 1368 4442 pepigit.
1394 4369 1487 4426 lionae
1511 4381 1601 4428 autem
1625 4378 1691 4428 tunc
1704 4366 1750 4429 bit

947 4468 1113 4536 morabatur,
1129 4469 1271 4526 cabellum
1291 4469 1379 4526 cidem
1400 4467 1578 4526 Constantino
1602 4472 1747 4528 indixerat.

91 4577 133 4626 tus
158 4585 221 4626 eum
246 4569 305 4628 aliia
330 4569 486 4626 christianis
517 4569 717 4626 consessoribus
742 4583 758 4625 e
783 4584 895 4626 carcere
908 4567 935 4634 D
948 4561 1049 4622 Verum
1067 4565 1114 4623 ubi
1128 4579 1188 4621 cum
1202 4563 1281 4621 hoste
1303 4565 1397 4636 praelio
1408 4563 1600 4624 decertandum
1611 4565 1670 4636 luit,
1685 4575 1750 4625 tunc

90 4663 206 4722 eductus
218 4673 269 4722 est.
293 4663 416 4722 Galerius
428 4679 494 4721 uero
506 4665 619 4734 ctrupuge
635 4678 681 4719 sua
693 4671 720 4720 et
734 4661 788 4718 lilio
804 4663 830 4723 in
847 4661 892 4719 Li-

92 4759 154 4815 cinii
170 4775 278 4818 manum
293 4759 407 4829 traditis,
423 4757 544 4816 horribili
558 4757 619 4812 tabe
640 4763 817 4828 corisumptus
831 4773 890 4814 mo·

92 4849 171 4908 ritur.

130 4943 233 5004 rso-ot.
257 4941 326 5004 'ium
340 4943 502 5002 Maximinus
517 4951 628 5018 accepto
640 4941 736 5000 mortis
748 4943 806 5014 ejus
820 4957 891 5006 nun·

93 5037 142 5106 tio,
163 5047 193 5096 ut
207 5040 358 5112 prutittcias
373 5053 467 5096 ornares
479 5040 513 5095 ad
528 5037 626 5096 iretum
642 5055 726 5112 usque
738 5037 887 5098 Chalcedo-

95 5135 184 5192 nicum
197 5137 300 5194 lucilius
312 5137 364 5192 surb
378 5134 509 5193 ditionem
522 5151 597 5194 suam
613 5135 798 5208 subjungeret,
826 5151 892 5192 cen·

95 5229 244 5298 admicuit,
271 5239 350 5303 atque
368 5231 395 5286 iu
422 5227 577 5304 bithyniam
605 5227 765 5302 ingreditur.
789 5223 890 5284 Oborta

95 5319 191 5379 asinoe
205 5322 291 5398 ipsum
318 5323 388 5379 inter
412 5337 444 5378 ac
465 5319 598 5378 Licinium
623 5317 769 5389 discordia,
794 5321 834 5376 ire
857 5317 892 5376 ad

96 5424 167 5468 arma
188 5415 242 5488 lam
255 5418 342 5488 parati
355 5426 432 5473 eram
447 5411 514 5470 :sed
530 5428 623 5482 pacem
639 5413 664 5468 iu
686 5415 736 5469 huo
748 5413 807 5483 ipso
821 5411 893 5474 trete

97 5507 175 5564 certis
199 5509 399 5566 curtditiunibus
423 5509 521 5564 iecere.
550 5503 642 5562 liebus
663 5507 699 5561 ita
720 5505 888 5578 cumpositis,

98 5595 254 5658 iiamutinus
266 5603 386 5658 secutrior
398 5599 459 5656 inde
474 5614 622 5668 regressus,
645 5599 763 5652 auiumm
780 5599 813 5652 ad
827 5615 890 5654 cru·

97 5691 205 5751 claudos
213 5697 373 5752 christianus
381 5695 493 5766 appulit.
505 5691 519 5748 J
523 5691 684 5762 ussititaque
693 5689 817 5746 cis-eiludi
827 5708 892 5748 ‹tcu-

98 5781 147 5858 ios,
160 5779 296 5848 ct'manus
311 5787 455 5864 amputari,
480 5785 624 5856 statimque
638 5796 724 5840 nurus
736 5781 764 5838 iu
779 5781 893 5854 prouin-

948 4659 1064 4732 quodam
1077 4658 1314 4728 territusoraculo,
1342 4661 1438 4732 pedem
1460 4670 1536 4720 extra
1560 4660 1662 4722 Urbem
1676 4663 1748 4722 terre

947 4755 1061 4812 minime
1072 4768 1154 4810 ausus·
1165 4760 1216 4810 est.
1234 4751 1321 4809 ltuces
1332 4753 1421 4825 itaque
1432 4753 1515 4821 misit,
1528 4755 1572 4826 qui
1585 4755 1745 4827 majoribus,

947 4861 1030 4920 quam
1044 4843 1247 4914 Constantinus,
1269 4843 1355 4916 copiis
1373 4843 1507 4909 instructi,
1535 4845 1622 4916 primo
1645 4843 1747 4916 impetu

947 4937 1157 5012 praevaluerunt.
1185 4935 1353 4993 Confirmata
1377 4946 1468 4993 minen
1481 4934 1674 4994 Constantinus
1687 4931 1748 4992 ani·

948 5049 1004 5105 mo,
1016 5033 1116 5091 militas
1130 5033 1241 5106 propius
1253 5033 1287 5088 ad
1303 5032 1402 5091 Urbem
1415 5050 1431 5089 e
1444 5033 1555 5107 regione
1575 5033 1666 5108 pontis
1677 5028 1747 5090 ilul·

946 5129 985 5186 rii
998 5128 1128 5196 admouit,
1144 5144 1175 5184 ac
1188 5125 1247 5184 riso
1271 5125 1376 5183 coeiesti
1395 5126 1485 5182 crucis
1506 5128 1593 5198 signo,
1619 5133 1700 5205 atque
1719 5121 1748 5184 in

947 5221 1032 5278 scutis
1046 5228 1149 5283 notatu,
1175 5217 1202 5274 in
1225 5226 1365 5274 certamen
1389 5213 1539 5284 descendit,
1562 5229 1616 5286 uuo
1631 5218 1747 5301 partitus

946 5311 1046 5370 animis
1059 5320 1215 5387 pugnatum.
1228 5308 1370 5372 Nuntiatur
1380 5305 1406 5366 ld
1417 5304 1520 5373 homas,
1537 5307 1619 5380 itque
1630 5307 1745 5380 seditin;

946 5407 1101 5478 increpatur
1121 5401 1281 5470 Maseratlus,
1305 5411 1332 5458 et
1351 5401 1378 5458 ln
1398 5397 1572 5457 Circensibus
1589 5395 1661 5457 ludis
1675 5400 1747 5461 Con·

947 5499 1094 5556 stautinurn
1110 5495 1180 5564 rinei
1195 5512 1249 5551 non
1263 5508 1346 5566 posse
1363 5490 1555 5555 conclamatur.
1582 5491 1630 5553 llis
1645 5494 1748 5552 clamo·

947 5595 1022 5650 ribus
1036 5602 1172 5664 permotus
1184 5587 1339 5663 Tyrannus,
1365 5595 1392 5643 et
1409 5599 1540 5654 responso
1554 5601 1586 5647 es
1605 5582 1682 5644 libris
1700 5585 1746 5652 si·

948 5687 1057 5761 byiliuis
1072 5693 1194 5754 accepto,
1211 5679 1333 5754 procedit
1345 5679 1371 5733 iu
1386 5679 1483 5745 aciem,
1501 5693 1587 5752 pugna
1604 5678 1747 5738 recrudes-

947 5779 996 5852 cit,
1013 5786 1128 5837 terretur
1141 5776 1198 5845 ille,
1212 5782 1239 5831 et
1249 5773 1365 5846 lugetur,
1378 5787 1409 5828 ac
1423 5769 1487 5829 dum
1502 5773 1571 5830 elabi
1586 5771 1746 5848 corruititur,
