4017 6350
94 303 165 363 ldd'i
611 302 659 363 ab
672 302 836 363 sederint
853 298 1067 361 ttnndehbtttt
1086 298 1213 359 Peren.
1680 309 1750 369 1098

92 420 200 481 excidit.
217 416 343 491 Quisquis
357 430 422 491 ergo
437 417 463 474 in
478 416 537 488 ejas
552 417 641 477 radice
659 418 747 491 (idem
764 419 841 493 Greg.
858 434 900 473 eu-
913 418 940 479 A
953 416 1108 486 Priusquam
1132 431 1272 489 renotem,
1298 432 1348 472 noa
1361 418 1465 492 judicet
1482 434 1642 493 quanqum.
1659 423 1689 481 ln
1700 425 1753 483 bue

94 509 154 565 dem
170 506 224 583 ep.)
240 524 271 565 se
285 508 394 579 inserit,
415 525 465 565 nec
484 526 499 563 a
520 510 656 567 viriditate
680 508 788 577 dehcit;
813 524 863 565 uec
882 524 896 563 a
953 527 1018 584 crgo
1027 517 1098 585 quod
1109 518 1228 587 episcopi
1240 528 1268 575 et
1279 520 1373 591 reliqui
1388 523 1460 578 uerri
1471 521 1520 577 Dei
1534 524 1750 592 persecutionem

97 598 234 657 fructibus
247 600 387 673 inanescit,
403 600 465 671 quia
475 614 568 657 autore
579 599 749 665 leuanditatis
762 615 829 671 opus
841 600 899 655 elil·
951 610 1099 681 patiuntur,
1115 628 1169 668 non
1192 623 1295 671 tantum
1308 616 1358 686 ipsi
1372 618 1586 687 persecutionem
1600 622 1752 691 patiuntur,

95 706 211 771 caanon
221 690 331 748 amittit.
341 690 417 747 licet
426 691 507 748 modo
519 692 637 749 charitas
648 692 674 749 in
684 691 900 761 persecutoribus
952 711 1081 771 qnantum
1095 702 1142 759 ille
1155 704 1233 774 cuius
1246 706 1304 763 vice
1315 707 1461 779 iunguntur
1470 710 1541 765 sicut
1550 712 1679 784 scriptino
1692 722 1752 769 est:

95 783 222 841 ecelesiae
235 797 428 855 servorumque
440 784 485 840 liei
496 784 614 840 arelacta
625 785 672 852 sit,
684 786 757 856 viget
768 794 859 839 tamen
872 782 899 839 in
954 792 1007 859 Qut
1016 809 1061 849 ηρ,
1072 796 1168 867 mugit,
1189 798 1270 869 pmqg
1281 800 1408 871 mappam
1417 801 1485 858 mg·
1494 804 1545 857 ,m-
1558 803 1652 876 (gagg
1664 805 1705 877 n),
1720 806 1756 863 gg

94 878 263 935 amatoribus
278 878 348 951 ejus,
362 888 390 936 ct
402 878 430 935 in
441 880 536 952 eisqui
551 880 688 951 patiuntur
700 886 809 949 propter
819 876 900 949 justi·
953 884 1018 941 altbi
1034 905 1041 941 r
1059 885 1111 953 Qui
1122 902 1166 943 ona
1179 893 1347 960 contristarit,
1361 910 1402 949 me
1415 895 1572 952 contristarit
1587 897 1629 971 (ll
1638 898 1699 955 Gor.
1713 902 1754 971 n).

94 972 174 1027 liaffi-
189 972 228 1029 ⁰⁰
238 972 335 1045 quibus
352 972 409 1045 ¹9⁵²
424 973 628 1045 1111801111118
644 982 769 1039 1115111111,
785 972 898 1027 dicens:
916 1023 918 1031 ι
954 976 989 1034 Et
998 977 1042 1051 qut
1053 981 1116 1050 lucit
1125 979 1259 1051 injurium,
1275 985 1379 1056 recipiet
1390 985 1417 1041 id
1429 987 1499 1059 qnod
1510 990 1599 1059 inique
1609 993 1686 1063 pessit
1696 992 1757 1065 (Co-

95 1065 174 1122 beart
199 1066 243 1138 qui
266 1068 467 1140 persecutionem
491 1065 624 1138 patiuntur
650 1074 754 1138 propter
774 1063 919 1135 justitium,
956 1069 1020 1125 lora.
1034 1070 1160 1143 napitas
1174 1088 1239 1146 ergo
1254 1074 1315 1131 licet
1328 1092 1441 1149 corpora
1458 1089 1550 1137 nostra
1563 1084 1671 1153 possitis
1686 1086 1759 1141 neci-

96 1156 207 1232 (lluttlr.
225 1156 264 1231 a).
286 1158 320 1214 tn
340 1157 403 1215 alibi
416 1176 422 1211 ε
435 1158 466 1214 Si
478 1174 518 1213 mc
532 1158 735 1228 persentirent,
750 1165 774 1210 et
787 1170 831 1210 vos
844 1170 903 1227 per·
961 1160 1044 1231 dere,
1056 1164 1160 1221 animas
1171 1173 1261 1223 tamen
1276 1181 1329 1225 pon
1352 1172 1463 1239 potestis
1474 1172 1597 1230 oppidem
1610 1193 1618 1231 2
1630 1169 1685 1231 'nec
1699 1193 1760 1249 gra.

96 1262 236 1324 sequrntur
250 1249 344 1327 (doura.
361 1251 416 1325 ar).
429 1250 521 1307 Potius
543 1251 615 1307 caint
636 1264 686 1304 uos
701 1258 728 1303 ct
741 1262 835 1303 ornnes
851 1246 903 1301 llo-
955 1253 1006 1311 dus
1027 1255 1106 1311 nobis
1129 1255 1257 1315 divinitus
1288 1259 1401 1317 collatos
1428 1266 1539 1333 potestis
1565 1268 1680 1326 auterre.
1707 1269 1759 1343 Sy·

96 1345 166 1400 mini
192 1344 363 1411 sacerdotes,
387 1344 432 1415 qni
452 1342 511 1414 ejus
531 1342 658 1399 videlicet
669 1352 732 1399 sutrt
745 1338 802 1396 veri
813 1354 901 1395 sacer·
955 1344 1055 1402 nodum
1075 1362 1150 1420 crgo,
1167 1350 1270 1420 absque
1288 1349 1368 1423 hujus
1388 1364 1487 1411 sanetae
1506 1358 1578 1415 sedis
1599 1362 1758 1420 auctoritate

97 1436 189 1505 110188,
220 1438 342 1510 elidimus
371 1443 482 1509 11101101
506 1436 637 1509 1131111111
657 1442 685 1490 θῑ
707 1449 797 1491 lesam
824 1434 903 1489 fldem
958 1440 1149 1511 episcoporum
1164 1441 1337 1513 (quamquam
1351 1446 1482 1517 quosdam
1497 1452 1639 1524 episcopus
1651 1457 1760 1525 possitis

101 1533 240 1604 persequi,
253 1540 341 1603 etpro
355 1531 455 1588 Christi
471 1530 581 1586 nornine
605 1527 782 1599 pati,gqnant
811 1526 904 1582 multis
959 1533 1137 1605 congregare)
1159 1549 1212 1591 non
1236 1538 1349 1607 potestis
1372 1534 1534 1612 regulariter
1551 1542 1659 1615 lacere,
1672 1563 1760 1617 neque

100 1625 205 1682 divitiis
214 1625 306 1693 ditari,
319 1624 521 1697 honoribusque
537 1622 732 1695 copiosissimis
751 1620 902 1685 abundare,
956 1624 1040 1681 ullum
1054 1627 1228 1698 episcopum,
1243 1630 1289 1700 qui
1306 1629 1376 1687 hanc
1389 1634 1565 1703 appellaverit
1585 1640 1761 1707 apostoliam

99 1726 129 1774 et
141 1716 593 1789 coelestiregnocarerc.lstaenirn
605 1714 761 1785 temporalia
776 1711 903 1779 sunt,illa
922 1767 926 1777 ,
958 1717 1064 1787 sedem,
1084 1719 1235 1787 damnare,
1257 1732 1400 1795 apppqmm
1424 1726 1486 1783 panc
1503 1731 1635 1788 ,menna
1661 1732 1763 1791 mg„

100 1824 205 1871 eterna
221 1830 228 1865 ι
242 1814 292 1869 isto
305 1810 424 1877 etue,
446 1808 628 1881 statianam
648 1806 828 1872 asenna,
854 1803 899 1859 itta
913 1816 938 1877 n
953 1811 1088 1882 pumat
1111 1812 1179 1870 nam
1193 1814 1217 1870 st
1231 1817 1413 1874 euoluere
1425 1820 1538 1889 pomae
1547 1823 1655 1892 puniens
1667 1825 1764 1883 tinette

100 1920 166 1964 vern
182 1911 321 1981 perpetue,
332 1911 360 1959 el
370 1902 428 1959 site
442 1902 495 1959 sstte
510 1914 647 1957 mensula·
661 1899 701 1956 Tu
716 1914 782 1971 ergo
796 1899 839 1970 tttti
856 1912 906 1953 tros
957 1912 1071 1962 utuntur
1083 1906 1279 1976 appellatoriis,
1295 1920 1395 1978 quanto
1410 1912 1495 1983 magis
1508 1917 1693 1974 sacerdotibus
1704 1918 1763 1975 liure

101 2000 201 2056 suades
213 1999 315 2056 cultum
326 1996 463 2053 dimittere
473 1996 603 2063 divinum,
617 2004 668 2051 eta
681 2003 753 2051 recta
766 1993 819 2051 lide
831 2008 907 2051 rece-
957 1995 1054 2051 eadem
1069 2012 1151 2069 agere
1169 1997 1253 2067 lieet,
1274 2000 1320 2071 qui
1339 2014 1421 2073 super
1433 2004 1495 2060 illos
1510 2008 1591 2062 sunt?
1608 2009 1645 2066 lie
1666 2011 1765 2081 quibus

101 2094 179 2162 dere,
195 2090 300 2164 diisque
314 2089 466 2160 immolare,
483 2090 581 2147 melitis
595 2089 642 2146 tibi
665 2086 776 2169 loret'nt
791 2099 817 2143 tn
833 2088 907 2159 prius
924 2138 926 2149 ,
960 2089 1064 2145 dictum
1078 2098 1140 2147 cst:
1157 2090 1213 2163 Ego
1226 2091 1291 2161 diei,
1310 2093 1348 2149 dii
1360 2089 1438 2164 eatia,·
1452 2107 1476 2152 et
1487 2098 1536 2165 filii
1547 2097 1651 2157 baratri
1665 2118 1763 2159 ornum.

101 2186 260 2245 mutabilem
277 2196 302 2243 te
316 2185 463 2258 preberes,
478 2199 626 2255 euntesque
638 2182 823 2239 exhortareris
844 2180 907 2237 ltdci
923 2228 924 2233 ,
960 2183 992 2239 Ει
1005 2182 1066 2240 ideo
1076 2185 1167 2253 nulius
1180 2186 1336 2257 episcopus,
1354 2189 1404 2244 uisi
1417 2189 1444 2260 in
1457 2189 1576 2262 legitima
1587 2195 1702 2267 synodo,
1715 2212 1765 2253 suo

100 2282 264 2338 documenta
276 2290 303 2337 et
317 2278 400 2336 divini
413 2278 502 2335 cultus
513 2277 662 2333 ministeria
673 2277 710 2333 lta
723 2286 827 2345 tenere,
836 2275 908 2333 sient
960 2284 1094 2347 tempore,
1108 2278 1256 2349 apostolica
1265 2288 1312 2335 aut
1321 2280 1438 2349 regulari
1449 2285 1609 2342 auctoritate
1618 2298 1766 2345 convocata

101 2385 194 2451 patres
207 2375 291 2432 nostri
302 2373 389 2430 sancti
400 2372 514 2445 apostoli
523 2371 574 2429 sibi
584 2370 685 2447 andita
694 2371 909 2443 predicaverunt
959 2380 1042 2438 super
1049 2369 1209 2439 quibuslibet
1220 2372 1341 2443 pulsatus
1349 2374 1522 2440 criminibus,
1533 2378 1657 2437 audiatur
1671 2382 1712 2438 rel
1720 2382 1780 2452 jn··

103 2481 130 2528 et
144 2469 302 2528 docuerant.
320 2470 387 2526 Boni
402 2470 473 2527 enini
491 2469 622 2542 principis
640 2484 672 2526 ac
686 2468 823 2542 (religiosi)
838 2467 909 2539 tegis
960 2459 1074 2528 dicetur,
1086 2477 1122 2521 ue
1132 2464 1476 2535 inuocensdamuenrr,aut
1489 2471 1583 2540 perdat
1597 2478 1765 2532 commutato-

102 2563 292 2630 est,ecclesias
301 2562 429 2619 contritas
443 2570 525 2634 atque
535 2560 685 2633 (corruatur
698 2562 737 2616 ret
752 2558 908 2629 conmissae)
961 2567 1034 2609 nem.
1051 2553 1127 2623 Quod
1139 2554 1200 2612 laici
1214 2551 1260 2613 etit
1273 2559 1391 2630 suspecti
1411 2559 1555 2631 episcopos
1573 2577 1628 2619 non
1647 2564 1767 2623 debeant

108 2656 208 2713 scissas
221 2664 384 2725 restaurare,
396 2670 479 2711 novas
493 2655 638 2721 redilieare,
654 2662 681 2711 ct
695 2654 742 2711 bei
754 2652 909 2711 sacerdotes
961 2659 1108 2715 ammte·
1123 2662 1210 2718 ”etue
1228 2651 1431 2707 accusatoribus
1445 2652 1482 2709 de
1495 2652 1596 2711 inimici
1606 2656 1689 2715 domo
1702 2676 1767 2730 pro-

107 2749 243 2805 bonorare
263 2758 344 2819 atque
357 2748 424 2805 tueri
438 2746 487 2821 (Ι).
500 2745 577 2804 Unde
594 2756 703 2803 sanctos
714 2747 852 2817 apostolos
865 2759 911 2803 co·
962 2739 1108 2798 deitatibus
1123 2742 1288 2799 eredendum
1303 2746 1354 2810 sit,
1370 2755 1397 2802 εἰ
1410 2761 1426 2801 ³
1439 2746 1519 2803 beato
1532 2747 1688 2819 Clemente,
1702 2753 1769 2824 ipsis

104 2856 220 2913 rumque
233 2855 405 2897 successores
425 2842 476 2896 sub
494 2840 584 2896 divina
598 2839 794 2897 contestatione
809 2838 927 2897 consti·⁴
970 2850 1034 2891 cum
1047 2835 1243 2893 instruentibus
1252 2838 1392 2909 apostolis,
1401 2839 1674 2912 legimusdelinitum,
1683 2857 1710 2903 et
1721 2861 1771 2905 nos

105 2934 192 2989 tuisse
215 2933 348 3009 legimus,
369 2946 423 2988 non
446 2931 547 2989 debere
559 2932 616 2987 lteri
630 2930 847 3003 persecutiones,
862 2944 912 2985 nec
964 2927 1059 2987 eadem
1074 2929 1213 2985 firmamus
1223 2947 1231 2983 r
1241 2930 1368 3001 quoniam
1381 2931 1463 2988 iidem
1477 2933 1558 2989 modo
1573 2937 1710 2993 multoties
1725 2940 1768 2994 in·
1783 2961 1786 2967 ¹

106 3025 203 3083 inlerri
211 3024 409 3092 fluctuationes,
417 3038 468 3082 nec
480 3024 603 3081 invidere
615 3023 799 3080 laborantibus
809 3021 836 3079 in
848 3036 913 3093 agro
966 3020 1045 3086 lensi,
1055 3032 1128 3079 recte
1137 3021 1259 3079 niventes
1269 3022 1500 3093 atqueeredentes
1510 3028 1669 3094 perturbare
1679 3029 1771 3086 nitun-

106 3119 255 3186 dominico,
271 3132 358 3191 neque
374 3117 510 3191 expellere
523 3115 562 3192 (Ξ)
580 3119 674 3176 eterni
688 3118 758 3190 regis
772 3116 913 3189 dispensa·
968 3124 1022 3171 tur.
1030 3114 1174 3186 Propterea
1183 3131 1307 3192 persolva,
1317 3115 1392 3185 tides,
1402 3118 1456 3174 rita
1464 3123 1680 3187 eteonversatio,
1689 3134 1771 3196 atque

106 3223 183 3271 tores
198 3233 205 3269 r
218 3215 281 3285 sed,
297 3217 319 3273 si
334 3218 378 3289 qui
390 3217 496 3289 expulsi
509 3215 623 3284 luerint,
640 3224 686 3272 aut
699 3217 755 3273 suis
767 3216 848 3272 rebus
861 3229 908 3270 ex·
924 3202 948 3268 C
964 3211 1083 3283 suspicio
1100 3213 1301 3280 accusantium,
1318 3216 1479 3274 enucleatim
1502 3217 1590 3288 primo
1612 3219 1772 3289 inquirenda

107 3308 217 3380 polisti,
237 3311 323 3379 primo
340 3309 431 3366 otnnia
445 3309 567 3380 legaliter
577 3307 669 3378 reddi,
687 3324 747 3379 quer
761 3307 802 3364 eis
815 3307 849 3364 ab
861 3305 914 3363 ini·
963 3311 1006 3359 est
1020 3320 1027 3359 :
1042 3303 1219 3376 deindeque
1237 3304 1411 3376 objiciuntur,
1432 3306 1549 3366 iideliter
1571 3309 1770 3380 pertractanda,

109 3402 188 3459 micis
202 3409 273 3459 anta
288 3403 506 3474 persecutoribus
523 3403 611 3460 ablata
626 3411 704 3471 sunt,
721 3403 839 3460 etsedes
852 3417 914 3472 pro·
964 3399 1026 3470 quia
1040 3399 1107 3454 nihil
1120 3399 1251 3456 anteneri
1267 3400 1360 3468 debet,
1380 3417 1461 3472 quam
1479 3402 1664 3476 impetitorum
1679 3404 1732 3460 vita
1745 3413 1774 3462 et

108 3494 202 3566 prius,
216 3508 277 3552 cum
296 3495 421 3554 omnihus
434 3495 509 3552 adse
523 3494 734 3566 pertinentibus,
756 3495 915 3568 regulariter
965 3492 1083 3562 suspicio
1094 3500 1175 3562 atque
1185 3491 1278 3550 odiunt
1288 3493 1448 3565 inquiratur.
1458 3494 1492 3550 lit
1501 3496 1526 3551 si
1538 3496 1616 3554 bone
1627 3511 1774 3554 conversa-

110 3587 229 3656 restitui,
241 3597 268 3645 et
279 3597 372 3660 postea
382 3598 504 3660 tempore
513 3590 732 3660 congruoaocari
741 3589 914 3661 adsynodum
967 3585 1048 3640 tionis
1061 3600 1115 3640 non
1130 3583 1241 3654 luerint,
1253 3585 1380 3653 antlaici,
1397 3588 1441 3643 vel
1454 3588 1590 3645 inaniicsti
1601 3589 1712 3658 inimici,
1728 3597 1774 3646 aut

112 3681 274 3753 regulariter
295 3691 496 3754 congregatam.
520 3680 575 3738 Nec
597 3681 678 3740 liceat
691 3681 735 3748 ei,
759 3681 915 3754 priusquam
968 3677 1031 3736 odio
1045 3679 1162 3750 respersi
1170 3679 1279 3747 luerint,
1290 3695 1460 3753 nequaquam
1469 3681 1496 3737 in
1504 3683 1692 3754 episcoporum
1703 3685 1774 3740 reei-

112 3772 179 3829 hant
193 3773 263 3844 haec,
276 3774 311 3832 de
325 3789 366 3843 se,
379 3774 456 3846 juxta
468 3781 567 3831 statuta
583 3773 789 3844 praedictorum,
804 3787 918 3846 respon·
968 3770 1079 3843 piantur
1091 3773 1275 3842 accusatione.
1286 3773 1445 3845 Haecvobis,
1458 3774 1581 3846 aquibus
1590 3776 1775 3834 nimisinleste

113 3864 197 3936 dere,
208 3874 256 3922 aut
269 3864 303 3923 tle
315 3866 373 3924 suis
382 3866 637 3938 impetitionibus,si
647 3880 677 3922 se
689 3866 788 3923 uiderit
801 3881 918 3939 praegra-
968 3866 1167 3938 persequimur,
1173 3867 1283 3925 scienda
1291 3867 1460 3938 prandemus,
1468 3869 1539 3924 tatab
1547 3869 1775 3936 bisroscareatis,

116 3959 185 4026 rari,
198 3959 314 4016 reddere
328 3959 471 4018 rationein.
487 3959 540 4016 Sed
549 3957 591 4014 his
606 3959 657 4016 rite
669 3960 795 4031 peractis,
809 3961 919 4033 suisque
970 3966 998 4015 et
1010 3959 1123 4015 cessetis
1136 3959 1261 4030 persequi
1275 3961 1380 4032 eosqui
1396 3960 1451 4016 lieo
1467 3959 1637 4029 ministrant,
1660 3976 1774 4031 quorum

115 4051 241 4108 omnibus
251 4051 337 4108 libere
346 4051 495 4122 dispositis,
506 4053 529 4108 si
544 4059 600 4108 tuna
612 4051 684 4123 juste
696 4052 806 4126 (iustmu
818 4053 836 4108 5
849 4069 875 4122 q.
890 4051 918 4110 9.
971 4049 1137 4106 orationibus
1146 4057 1174 4106 et
1185 4058 1294 4108 terrena
1306 4048 1378 4106 bella
1388 4049 1558 4117 sedantur,et
1570 4050 1640 4106 heus
1651 4060 1776 4122 peceato·

117 4139 181 4198 lion
193 4143 314 4217 oportet.)
325 4142 444 4210 videtur,
457 4143 514 4200 suis
528 4142 692 4214 respoudeat
704 4143 918 4212 accusatoribus,
971 4143 1046 4200 ribus
1057 4142 1224 4211 conciliatur,
1237 4151 1266 4201 et
1276 4144 1299 4200 sl
1309 4143 1425 4214 amplius
1435 4158 1486 4200 nos
1496 4143 1631 4216 elegeritis
1638 4147 1775 4218 persequi,

117 4244 147 4294 et
160 4236 293 4306 inducias,
304 4236 327 4294 si
342 4237 367 4294 ei
378 4250 492 4294 neeesse
503 4235 716 4308 tuerit,acctpiat
726 4237 921 4306 nonmodteas,
972 4252 1053 4308 quarn
1069 4237 1126 4293 beo
1140 4237 1264 4307 placere;
1286 4247 1314 4293 et
1331 4251 1383 4292 nos
1399 4238 1485 4309 tnagis
1498 4237 1629 4308 elegimus
1640 4239 1778 4295 sustinere

118 4339 151 4387 ut
167 4330 309 4400 explorare
319 4330 408 4388 valcat
423 4347 454 4387 ua
467 4329 707 4410 qure'objiciuntur
721 4331 763 4398 ei,
784 4333 920 4402 ne'aliqua
973 4328 1208 4400 persecutionem,
1233 4343 1314 4401 quam
1334 4329 1454 4400 regulam
1468 4327 1597 4385 conlundi
1610 4330 1782 4388 ecclesiasti·

118 4423 230 4482 delusus
240 4423 343 4491 iraude,
353 4424 511 4481 innocenter
524 4432 598 4479 ruat:
607 4423 732 4496 qnoniam
746 4436 800 4478 non
815 4430 922 4494 oportet
974 4407 1050 4484 cana,
1061 4418 1192 4476 hortante
1205 4433 1256 4475 uos
1270 4419 1330 4490 ipsa
1340 4419 1464 4477 veritatis
1477 4434 1555 4489 voce,
1569 4430 1650 4494 atque
1664 4432 1780 4480 testante

118 4532 280 4589 quemquam
290 4516 459 4589 judicaritel
472 4517 605 4584 damnari,
618 4515 774 4587 priusquam
788 4515 923 4588 legitimos
975 4509 1034 4566 ita:
1054 4508 1144 4568 Nolite
1165 4512 1253 4568 timere
1271 4526 1313 4567 eor
1332 4512 1377 4584 qui
1401 4513 1521 4570 occidnut
1536 4530 1645 4588 empus,
1667 4517 1781 4573 moturum

120 4609 220 4666 lrabeat
233 4621 379 4682 presentes
393 4619 584 4674 accusatores,
600 4609 741 4682 locutaque
763 4608 924 4666 defendendi
936 4597 963 4659 D
976 4615 1061 4662 orum
1082 4623 1133 4688 non
1154 4616 1270 4680 poseant.
1281 4607 1398 4663 occidere
1414 4606 1522 4679 (lluttlr.
1543 4607 1584 4680 r).
1606 4610 1640 4666 Et
1661 4610 1780 4666 iterum:

120 4702 236 4774 accipiat
255 4703 288 4762 ad
312 4703 444 4760 abluenda
472 4703 595 4759 crimina.
619 4701 695 4758 Unde
719 4701 757 4756 ait
778 4702 929 4774 prophete:
985 4699 1783 4775 Siquisrultpostnreomire,uhnegettentetipaunt,ettollut
1888 4741 1891 4743 Α

154 4838 193 4902 ll)
211 4838 274 4892 Dist.
286 4841 327 4890 96.
341 4841 403 4892 11οηί
415 4840 533 4905 principis
549 4844 598 4890 est.
623 4838 744 4913 Quocirca
762 4840 787 4890 id
798 4839 932 4890 nomadum
983 4812 1174 4862 “mmmm’
1187 4804 1212 4850 ει
1221 4804 1341 4865 ‘equam'
1350 4812 1400 4849 ω’
1415 4794 1465 4864 ⁰¹⁸¹
1475 4813 1543 4900 etttttt
1552 4798 1659 4852 mm
1668 4797 1784 4902 “mm

122 4915 214 4966 paucos
234 4903 337 4954 antehae
355 4903 431 4954 luisse
459 4915 567 4954 sunnnos
584 4901 725 4966 ⁸pontttlees
743 4903 786 4966 qui
805 4901 859 4954 haec
879 4915 928 4952 non
983 4889 1373 4962 wssmfflllssms‘lm‘tlllldssl
1392 4888 1525 4960 11111011
1543 4890 1786 4956 attemperaveris

126 4967 322 5092 θῡῗὲςίῑΰῶἶὲῐὶῑω
334 5028 531 5095 inpenvatent.
544 5027 704 5088 Maleum,
717 5040 771 5091 αφ.
790 5029 816 5090 9,
840 5025 883 5078 ω),
900 5041 933 5080 m
984 4987 1190 5040 animamarum
1212 4993 1316 5056 prepter
1338 5001 1388 5052 nte,
1414 4985 1525 5040 interiet
1544 5002 1609 5040 eunt.
1627 4985 1696 5053 Quid
1717 4991 1786 5043 eatur

123 5087 183 5141 bist.
196 5089 336 5155 Tripartitae
346 5091 423 5144 habet
434 5092 524 5156 magui.
537 5091 601 5144 Vide
613 5089 704 5142 locum.
945 5123 946 5126 ,
985 5079 1089 5150 prodeat
1102 5069 1212 5147 itomini,
1224 5077 1246 5133 rt
1263 5076 1389 5133 utendum
1401 5081 1548 5132 uniuersum
1557 5077 1682 5148 lucretur,
1692 5080 1786 5136 unimur

766 5212 871 5274 NOTAE
890 5211 1052 5271 sutenntt
1068 5211 1157 5268 1111111.

166 5337 205 5393 Tu
219 5353 278 5410 ergo
292 5337 337 5408 qui
354 5353 401 5393 noa
413 5337 515 5393 suades.
530 5334 618 5392 Causa
633 5335 669 5390 ob
686 5349 767 5406 quana
787 5330 930 5388 llarcellus
983 5327 1120 5385 idolorum
1135 5340 1250 5409 armare
1263 5334 1394 5392 conatur;
1418 5339 1472 5396 qno
1485 5333 1600 5396 eventu,
1615 5335 1691 5399 patet
1703 5343 1786 5402 snpra

129 5408 164 5465 ad
178 5407 341 5464 Maxentium
357 5409 475 5476 scripsit,
492 5408 550 5464 haec
562 5415 626 5464 est:
643 5403 710 5461 Cum
726 5405 857 5460 hactenns
872 5417 933 5458 ont-
985 5401 1013 5456 in
1030 5401 1084 5454 vita
1103 5397 1233 5453 blarceilr.

129 5480 249 5536 nihuset
262 5479 378 5536 nraainte
391 5479 486 5534 Romae
503 5477 662 5547 degentibus
682 5474 842 5531 Christianis
864 5473 934 5529 bene
1023 5469 1159 5542 synodum
1183 5486 1211 5524 er
1228 5484 1254 5522 o.
1277 5468 1342 5524 llaec
1364 5467 1445 5549 verba
1469 5471 1621 5540 sequentia,
1645 5487 1730 5540 usque
1752 5473 1788 5528 ad

131 5550 253 5618 lavisset,
267 5557 295 5605 et
306 5551 476 5622 aliquamdiu·
485 5549 625 5604 cattrotiee
642 5547 703 5602 lntct
717 5553 882 5600 sectatorem
896 5544 933 5598 si·
988 5543 1174 5609 baneiacam,
1217 5554 1254 5594 tre
1266 5539 1344 5604 uobis,
1361 5537 1484 5621 uqtttbnr
1504 5541 1580 5596 nimia
1597 5542 1689 5612 inserte
1702 5559 1790 5610 perae-

131 5623 274 5690 mulasset,
288 5621 383 5677 Severi
403 5628 431 5676 et
450 5621 597 5677 Alexandri
613 5618 699 5684 obitu,
715 5630 794 5671 suurn
808 5616 859 5669 sibi
882 5615 935 5668 irn-
987 5614 1101 5686 quinam,
1116 5618 1181 5680 ete,
1202 5613 1312 5666 aliunde
1331 5609 1423 5664 addita
1444 5619 1473 5666 et
1491 5614 1645 5682 surreptitia
1668 5627 1729 5668 esse
1749 5615 1790 5669 ri·

131 5697 237 5766 perium
261 5695 326 5748 satis
349 5693 484 5748 itrmatmn
504 5691 641 5762 judicans,
669 5689 848 5756 implentem,
875 5700 935 5755 qnae
989 5687 1099 5750 dentur,
1122 5681 1272 5751 idcoqnod
1294 5680 1399 5736 lracde
1421 5683 1506 5737 read
1528 5683 1694 5739 blaaentium
1717 5685 1791 5740 nulla

129 5767 203 5822 intus
220 5763 331 5829 latebat,
352 5763 478 5834 prodidit,
500 5780 531 5820 ac
550 5759 704 5819 Marcellum
725 5757 819 5812 nomae
835 5753 937 5825 degen·
990 5753 1128 5813 scribendi
1146 5754 1216 5809 ratio
1235 5760 1284 5808 aut
1303 5753 1412 5808 occasio
1434 5751 1525 5811 luerit.
1542 5754 1640 5811 Boron.
1662 5754 1793 5826 praedicto

132 5845 187 5894 tem
203 5835 339 5894 blanditiis
351 5834 510 5908 quibusdam
524 5852 538 5888 a
553 5835 606 5892 lide
618 5831 765 5891 christiana
788 5827 821 5883 ad
834 5827 938 5884 cultura
992 5827 1063 5884 loeo.

353 5927 492 5990 Parnon.
517 5927 586 5992 vlt.
1494 5918 1535 5982 35
