4017 6350
648 945 1336 1190 naculum

296 1303 371 1456 hl
403 1295 650 1456 llllllll
683 1299 802 1496 llll,
838 1300 946 1456 ill
979 1296 1343 1456 illlllllll
1380 1298 1566 1461 llllll
1592 1309 1643 1492 l,

853 1617 1118 1756 ciuus,

407 1889 485 2002 AD
509 1880 962 1978 DEMETRIANUM
980 1879 1344 1980 AUDITOREM
1373 1884 1559 1971 SUUM.

782 2154 1188 2192 Μ

422 2401 535 2462 mppr
553 2402 697 2461 Plllltlill.
976 2393 1164 2464 Adoctriuae.
1177 2392 1246 2452 Nara
1269 2395 1293 2451 si
1318 2403 1344 2453 te
1369 2396 1397 2452 iu
1413 2397 1527 2469 litteris,
1553 2401 1620 2459 nihil
1642 2405 1717 2464 aliud
1737 2423 1819 2481 quam

248 2535 406 2594 mmmm
419 2548 444 2594 a
458 2538 649 2595 ammam
672 2535 877 2594 mestianum·
1018 2487 1136 2592 linquam
1164 2486 1361 2544 instruentibus
1371 2529 1385 2594 ⁹.
1402 2489 1555 2551 stultorum
1585 2497 1653 2555 satis
1676 2509 1818 2561 strenuum

1017 2578 1176 2650 praebuisti:
1191 2588 1294 2652 quanto
1315 2594 1401 2654 magus
1414 2582 1442 2638 iu
1464 2583 1507 2639 his
1519 2586 1611 2655 reris,
1625 2599 1653 2647 et
1675 2593 1709 2647 ad
1731 2595 1816 2650 uitam

197 2677 286 2746 Quam
302 2678 414 2735 minime
428 2678 478 2736 sint
490 2679 597 2750 quietus
614 2687 642 2734 et
665 2676 691 2732 in
706 2673 821 2732 summis
842 2667 962 2730 necessi·
1016 2669 1233 2741 pcrtinentlhus,
1259 2671 1375 2728 docilior
1398 2687 1461 2731 csse
1481 2675 1616 2736 dehehisi
1635 2680 1712 2754 Apud
1734 2698 1817 2755 quem

161 2772 280 2838 tadhus,
295 2787 330 2828 es
350 2772 400 2828 hoc
423 2772 514 2829 lihcllo
526 2771 628 2843 poteris
642 2771 816 2845 existimem
832 2781 913 2838 quem
927 2762 960 2818 ad
1016 2778 1089 2819 rruuc
1100 2764 1239 2836 proliteur,
1253 2765 1325 2821 nulla
1337 2781 1382 2822 me
1392 2769 1556 2828 necessitate
1568 2773 1611 2829 rel
1623 2775 1679 2842 rei,
1691 2777 1735 2832 rel
1747 2787 1818 2834 tem.

163 2871 192 2918 te
214 2861 328 2920 rudibus
341 2878 410 2933 pene
429 2864 539 2931 rcrhis,
562 2871 642 2936 prout
660 2861 761 2934 ingenii
783 2857 959 2916 mediocritas
1015 2858 1090 2928 puris
1121 2856 1264 2928 impediri,
1287 2861 1432 2929 quominus
1448 2861 1565 2934 aliquid
1588 2867 1738 2936 excudam,
1760 2885 1819 2943 quo

165 2958 241 3028 tulit,
266 2958 457 3026 lictnetriauc,
473 2959 634 3032 perscripsi,
659 2966 687 3012 ut
701 2954 887 3026 rpunlidiatutm
902 2961 961 3008 stu·
1011 2950 1166 3022 philosophi
1181 2959 1282 3008 nostru
1295 2961 1396 3023 sectae,
1411 2970 1491 3026 quam
1505 2965 1631 3027 tuemur,
1656 2958 1816 3018 instructio-

163 3051 238 3110 dium
258 3069 348 3110 mcum
368 3063 397 3110 ct
417 3067 529 3120 nosses,
545 3061 573 3107 ct
587 3065 641 3108 uon
662 3049 787 3106 deessem
810 3047 876 3114 tihi,
892 3060 961 3116 prm·
1012 3057 1057 3098 res
1069 3043 1259 3114 doctioresque
1283 3044 1310 3099 iu
1331 3055 1470 3115 posterum
1485 3045 1569 3114 haut;
1591 3053 1717 3120 quamuis
1738 3067 1813 3112 nuuc

162 3153 257 3219 ceptor
276 3141 448 3214 etiamnunc,
473 3143 520 3201 scd
542 3139 707 3200 honestioris
730 3140 770 3197 rci
786 3137 962 3207 meliorisque
1012 3135 1084 3192 male
1108 3135 1236 3205 audiant,
1264 3139 1484 3211 castigenturque
1510 3139 1608 3213 culpo,
1636 3143 1708 3216 quod
1734 3145 1816 3206 aliter

821 3248 1002 3311 vauloltlltl
1021 3249 1140 3308 NOTAE.

198 3383 240 3441 lte
254 3380 364 3455 opificio
377 3378 439 3449 liei,
449 3378 489 3433 uel
504 3376 668 3433 Formatiouc
680 3372 799 3429 truncinis.
813 3372 956 3429 Geminum
1013 3366 1152 3452 ltontinem
1172 3369 1325 3428 insumptis
1341 3374 1570 3447 necessitalibus,
1586 3392 1634 3435 teu
1648 3382 1820 3451 persecutio·

164 3455 238 3513 huuc
260 3456 293 3510 ad
317 3450 494 3509 imitationem
509 3448 673 3523 Platoniqam
691 3445 796 3501 titulum
811 3461 844 3499 cs
861 3444 955 3499 lliero·
1013 3441 1092 3496 urhun
1114 3450 1266 3510 uersatum,
1284 3442 1397 3501 minime
1408 3446 1529 3515 quietum
1543 3462 1623 3518 esse;
1638 3466 1700 3508 curu
1714 3454 1737 3510 si
1750 3468 1821 3511 con.

162 3513 958 3665 tillu,dlituil'illhl'ihtrtlhilthhhi·
1010 3510 1115 3639 illul
1133 3514 1713 3656 h'iihlhhillicilum
1736 3535 1818 3583 ''¹¹⁹“

314 3636 322 3661 t
597 3628 603 3641 '
948 3624 955 3638 '
1183 3624 1191 3650 t
1368 3628 1376 3653 ι
1574 3632 1581 3645 ·
1691 3635 1697 3648 .

163 3668 194 3724 lu
208 3666 367 3739 quibusdam
381 3672 424 3720 est
434 3664 521 3719 solum
534 3661 566 3716 dc
589 3658 699 3731 opificio
716 3657 781 3725 lici,·
792 3658 818 3712 in
833 3656 909 3721 aliis,
926 3658 957 3711 dc
1047 3653 1337 3724 ltaquerestltuiuus‚
1354 3668 1395 3718 ct.
1411 3660 1566 3731 postulante
1583 3677 1682 3731 seusu,
1700 3665 1818 3725 larenti-

166 3738 279 3811 Opiticio
292 3736 402 3793 hominis
415 3734 570 3798 dumtutst;
585 3732 611 3786 in
625 3732 729 3785 duobus
743 3742 806 3785 acro
822 3728 955 3785 recentio-
1012 3724 1115 3797 iureque
1139 3725 1220 3781 editis
1243 3726 1359 3797 drapo..
1375 3730 1513 3801 Gptnrtic„
1538 3732 1626 3804 Crat,
1646 3735 1683 3793 ιι,
1699 3752 1733 3794 uu
1747 3754 1816 3797 mss,

164 3812 256 3875 rihus,
272 3823 327 3864 rtuo
339 3806 445 3863 scilicet
455 3803 622 3865 oxoniensi,
643 3801 731 3857 altero
744 3799 821 3855 Colla.
835 3806 862 3853 et
879 3798 924 3853 lih,
937 3814 955 3855 ιι
972 3794 1115 3855 BErasm.
1132 3807 1160 3852 et
1175 3797 1188 3851 l
1202 3796 1378 3864 Coihertino,
1396 3801 1423 3856 in
1439 3817 1521 3873 quoa
1544 3806 1630 3873 prima
1646 3823 1730 3864 tarano
1743 3810 1821 3882 legi-i

164 3896 224 3953 cap.
241 3880 259 3937 c
274 3878 333 3935 hir.
357 3876 444 3934 lustit.
456 3876 562 3947 legitur,
584 3873 656 3943 (lpus
670 3870 758 3925 rituudi
775 3887 804 3925 uc
818 3868 959 3941 opificium
1013 3877 1055 3922 tur
1078 3878 1121 3928 ct.
1135 3868 1233 3925 lineola
1259 3870 1403 3927 recentiori
1425 3888 1458 3928 ac
1474 3874 1586 3945 uipriori
1600 3886 1754 3936 atramento
1765 3898 1816 3937 su·

165 3951 224 4007 Dei.
249 3951 287 4007 Dc
301 3948 426 4008 ottruihns
439 3946 560 4017 corporis
584 3943 693 3999 humani
716 3940 836 4013 partihus
857 3943 959 4009 uplitue
1011 3939 1178 4063 perscripta,
1193 3940 1232 3996 sie
1247 3940 1383 3998 indicautc
1402 3949 1520 4000 secunda
1537 3962 1618 4004 runnu
1631 3964 1693 4007 csse
1714 3953 1816 4019 etium,

163 4025 247 4079 etium
258 4019 367 4077 disserit
380 4017 566 4074 'llreudurctus
581 4014 673 4073 'serm
700 4014 757 4070 dot
778 4016 796 4068 l
817 4011 851 4066 de
865 4010 959 4068 Proui·
1012 4019 1041 4063 ut
1055 4026 1082 4065 tn
1097 4026 1114 4082 p
1185 4080 1192 4093 ὑ

165 4094 267 4150 dcutia.
282 4091 348 4149 Vide
360 4099 508 4162 praetcrcs,
524 4088 546 4145 ti
559 4088 648 4153 lucer,
663 4084 778 4157 Gregor.
793 4082 908 4155 Nysscn.
924 4084 958 4140 tie
1009 4078 1231 4161 aiioColherturo
1243 4092 1267 4137 et
1277 4084 1344 4152 jum.
1358 4084 1387 4142 ln
1403 4088 1482 4144 tertio
1500 4086 1578 4144 Goth.
1595 4100 1638 4146 cst
1652 4098 1736 4160 etc...,
1750 4108 1814 4150 curn

164 4164 256 4221 Creat.
275 4163 440 4217 hurninis.-·
456 4159 537 4216 Liber
557 4158 592 4215 de
614 4154 745 4227 Opiflcio,
768 4156 812 4225 qui
837 4152 957 4210 omnium
1008 4150 1092 4221 Signo
1106 4151 1324 4209 ahhrerislicuis.

165 4234 296 4293 huctanrii
311 4233 440 4289 librorum
456 4230 571 4285 maxime
584 4229 813 4299 estdeprsuatus,
831 4236 857 4279 et
876 4240 955 4296 quem
1045 4223 1813 4300 Excutiamllslleq.-Putcldreeestuuduut,·neumate,

164 4307 264 4363 aelleru
278 4304 311 4361 ad
336 4305 366 4358 ll.
388 4304 502 4373 scriptos
524 4302 675 4356 accuratius
698 4298 786 4368 eripi.
809 4296 955 4367 separatim
1046 4292 1211 4364 Philosophi.
1227 4296 1372 4353 humetuor
1397 4298 1440 4353 hic
1454 4298 1585 4355 Erasrrtus
1607 4302 1671 4370 luit,
1695 4305 1815 4363 etiams

165 4378 268 4451 prodiit
286 4376 381 4432 Goion.
401 4387 437 4429 ex
448 4371 521 4429 olilc.
536 4371 671 4438 Qucntcll.
686 4368 755 4425 liniti
769 4366 812 4435 (ad
828 4366 872 4423 etl.
886 4365 954 4422 len.
1009 4362 1116 4420 lusuuo
1128 4364 1264 4437 llartyre,
1278 4366 1421 4425 Clonrcute
1432 4368 1617 4429 Alexandrino
1630 4384 1658 4430 et
1670 4377 1731 4433 aliis
1743 4377 1811 4434 doc-

165 4448 270 4521 llil),
283 4447 380 4503 deinde
402 4460 464 4499 cum
485 4444 557 4515 nutis
573 4443 634 4498 [ies.
652 4440 755 4495 Erasmi
771 4438 851 4496 Busii.
869 4437 955 4507 lucc,
1011 4437 1109 4490 trinam
1123 4434 1298 4491 christianam
1315 4436 1516 4509 philosophicus,
1541 4445 1710 4504 seductum
1722 4450 1811 4505 epiris.

165 4520 255 4577 Paris.
271 4513 538 4584 ¹529,ctwtlticuii
552 4512 633 4569 tclc.
648 4510 809 4568 Furrzscrte.
1012 4506 1100 4563 tiauus
1125 4506 1177 4563 dici
1222 4507 1380 4581 filosophos.
1410 4514 1612 4573 Demonstravit
1640 4520 1691 4575 hoe
1719 4522 1812 4577 uiuitis

204 4593 244 4648 Ad
267 4590 459 4647 Durrretriuuuru
481 4587 624 4642 creditorem
646 4602 731 4641 suum.
762 4586 837 4640 llunc
859 4582 958 4641 librum
1012 4574 1128 4634 hortuli.
1145 4580 1172 4635 iu
1208 4593 1337 4637 urutucut.
1353 4581 1386 4637 ud
1401 4582 1501 4640 lustin.
1516 4586 1593 4643 ilurt.
1609 4590 1675 4647 lius.

168 4663 341 4721 Demetriauo
354 4662 436 4717 luissc
450 4661 608 4731 inscriptum
630 4656 747 4713 iudicant
762 4656 877 4724 ipsemet
889 4654 957 4713 Lac·
1051 4649 1156 4735 liortroe
1166 4663 1252 4736 serim
1267 4652 1412 4723 Eleganter
1426 4658 1535 4728 quidem
1547 4700 1555 4729 ,
1566 4660 1614 4715 sed
1628 4676 1723 4731 parum
1734 4662 1812 4720 theo.

166 4737 269 4793 mutius
282 4734 363 4800 inira,
379 4734 454 4788 initio
467 4744 527 4803 cup.
554 4732 563 4785 l
589 4728 673 4793 etih,
689 4742 721 4784 so
744 4728 791 4783 lih.
806 4742 825 4781 ιι
842 4726 903 4781 liis.
917 4727 959 4783 ln·
1013 4720 1100 4793 loqtcc
1124 4736 1264 4780 artuotartt
1295 4725 1476 4795 christianos,
1499 4730 1570 4799 qnod
1594 4732 1666 4789 huuc
1690 4734 1811 4791 lihcllnm

168 4811 256 4864 stitut.
275 4821 335 4877 csp.
353 4806 405 4871 lh,
423 4812 482 4873 pust
504 4802 638 4868 modium,
654 4812 682 4856 ct
699 4800 889 4870 Hieronymus,
910 4798 957 4853 hh.
1013 4795 1071 4853 iere
1098 4796 1236 4853 conteruit
1261 4798 1333 4867 stylo
1356 4798 1562 4869 philosophico,
1583 4805 1812 4871 quemadmodum

167 4878 401 4949 descriptoribus
415 4874 628 4941 Ecclesiasticis3
642 4886 691 4928 nec
713 4870 845 4927 shluduut
865 4883 960 4923 oannes
973 4838 997 4905 C
1012 4864 1123 4922 Boetius
1149 4867 1248 4923 lihrum
1272 4867 1311 4950 de·
1324 4866 1516 4951 Corrsolaliuuc
1536 4874 1724 4945 philosophiae.
1743 4878 1810 4933 Sec-

168 4949 255 5006 ierme
269 4948 375 5006 editici
397 4948 487 5018 plures
503 4958 567 4999 mss.
592 4958 645 4999 nou
660 4942 694 4997 ud
717 4940 892 5005 Demetrium,
912 4952 962 4995 nec
1015 4947 1170 4993 triturantem
1188 4949 1327 5009 usurpasti
1347 4956 1373 4995 tn
1389 4942 1487 4998 hortatu
1513 4956 1635 5013 partein,
1670 4947 1722 5003 und
1746 4949 1812 5004 lactc

167 5020 203 5077 sd
216 5019 364 5086 Dmtutuur,
380 5030 408 5073 ut
419 5016 525 5073 cnidum
537 5015 596 5070 tiro
609 5014 714 5071 erudito
728 5013 815 5068 risum
830 5020 882 5067 cst.
1013 5008 1158 5081 aliquoties
1168 5008 1367 5093 Tertullianus,
1383 5028 1466 5095 quum
1480 5012 1550 5069 idem
1561 5016 1632 5085 apud
1646 4962 1757 5075 grecos
1767 5034 1813 5073 so-

206 5092 291 5159 Quum
308 5090 410 5145 numme
429 5089 477 5143 rhu
497 5086 605 5158 quietus.
628 5084 739 5155 Quoties
760 5098 793 5139 stt
812 5091 839 5139 et
864 5098 962 5153 quum,
1014 5090 1061 5137 net
1088 5082 1209 5147 heresis,
1233 5082 1305 5152 quod
1331 5084 1410 5139 uohrs
1434 5093 1521 5151 serim
1549 5096 1578 5143 et
1607 5088 1665 5156 pios
1693 5089 1812 5160 appellat

168 5163 310 5235 eleganter
335 5160 501 5233 preponitur
531 5157 691 5239 nominihus
715 5098 904 5225 superfusus,
932 5162 962 5209 ut
1013 5152 1176 5237 sapientes,
1192 5153 1319 5236 pietatem
1347 5154 1521 5225 supieuiiuau,
1547 5174 1639 5213 norunt
1669 5159 1812 5287 ριοὶωιι.

168 5252 246 5303 uuum
273 5234 392 5305 plurimis
414 5231 475 5287 sire
502 5246 561 5287 suut
586 5228 714 5299 pluritate.
741 5226 876 5281 Ceterum
899 5238 960 5279 cnm
1013 5238 1072 5276 uem
1084 5225 1324 5281 christianismum.
1340 5226 1481 5284 lirum.—
1496 5226 1550 5284 Scd
1573 5229 1712 5296 pullulanti
1732 5246 1764 5287 us
1783 5231 1811 5287 iu

169 5315 314 5379 usurpatur
328 5321 375 5377 pro
389 5312 527 5380 quantum,
545 5316 598 5357 uon
621 5298 731 5355 memini
746 5294 818 5367 apntl
832 5304 907 5351 caste
923 5295 961 5350 lo·
1013 5292 1289 5376 Ecclesia'exlrsneis
1301 5295 1490 5368 dogmatibus,
1505 5308 1587 5353 sectac
1609 5315 1709 5359 nomen
1731 5302 1812 5359 odio.

190 5390 285 5435 netues
297 5387 421 5434 suctores
436 5375 511 5445 junqi
525 5374 575 5429 nisi
589 5371 719 5443 positivis.
735 5369 792 5424 iloc
807 5368 888 5437 igitur
902 5368 961 5421 luco
1014 5379 1074 5421 sum
1089 5364 1146 5421 liert
1159 5364 1290 5435 crepit-
1300 5365 1406 5445 Nurtroe
1419 5380 1505 5424 metu.
1516 5368 1588 5426 hliui
1602 5380 1695 5427 raoster
1707 5382 1811 5429 sectam

168 5394 316 5512 alsissem,
336 5464 412 5519 quoru
432 5462 483 5501 nou
502 5444 549 5499 siut
568 5446 687 5517 quietus,
711 5448 775 5506 aut,
799 5454 875 5509 quotu
899 5437 964 5493 nihil
1016 5436 1044 5494 iu
1058 5436 1155 5491 rualsnt
1167 5444 1272 5507 partem
1291 5440 1423 5506 sumpsit,
1448 5456 1482 5495 ex
1501 5455 1556 5510 qr,
1573 5442 1619 5496 lih.
1642 5457 1668 5497 ιι
1691 5442 1809 5501 histum.

169 5522 233 5577 ntihi
245 5522 278 5576 rit
288 5520 389 5593 quietis.
404 5516 537 5572 Etruscus.
1015 5522 1075 5577 cap
1090 5508 1142 5571 50.
1157 5519 1184 5563 ct
1198 5507 1232 5563 dc
1245 5508 1304 5575 ln,
1318 5524 1378 5578 cup.
1392 5510 1420 5564 2.
1434 5510 1482 5565 llio
1497 5513 1578 5566 sumit
1592 5514 1619 5567 iu
1636 5513 1732 5567 lionam
1748 5528 1812 5579 par.

205 5592 240 5650 Ει
252 5594 280 5648 iu
291 5592 396 5649 tumultis
410 5586 608 5643 ucceur'tntihus.
622 5582 710 5659 hlonet
722 5576 854 5639 Erasmus
866 5579 893 5635 in
904 5580 964 5651 qui·
1016 5589 1087 5643 tcrtr;
1103 5578 1239 5649 quomodo
1252 5578 1434 5635 Tertullianus
1449 5584 1474 5635 iu
1491 5584 1605 5655 Apolug.
1619 5598 1679 5654 cap.
1693 5583 1717 5653 i,
1732 5582 1765 5639 21
1781 5596 1812 5643 et

168 5666 282 5725 busdam
300 5661 437 5719 codicibus
455 5657 552 5714 vitiose
572 5656 624 5725 legi
640 5657 732 5721 etium,
755 5668 818 5725 pro.
835 5662 868 5706 el.
884 5650 962 5719 Qurod
1013 5648 1060 5713 lc,
1077 5648 1230 5707 Christianus
1242 5652 1408 5721 sectuoripo.
1423 5651 1490 5705 lius.
1570 5651 1583 5715 ζ

168 5738 269 5795 indicio
291 5743 334 5791 cst
357 5741 519 5804 postremam
544 5726 702 5799 particulam
727 5729 753 5782 iu
776 5724 837 5780 aliis
858 5722 960 5779 ltuheri.
1049 5720 1567 5801 Curtiqcuturquc.castiqarcdixit,nun
1583 5742 1631 5795 pro
1644 5724 1811 5800 ernendtre,

167 5806 253 5881 Quum
266 5805 310 5865 llic
323 5802 423 5875 requiri
444 5799 507 5857 inde
521 5798 626 5869 arguit,
641 5798 713 5869 quod
735 5811 789 5855 uon
813 5810 910 5853 nurum
925 5792 961 5851 sit
1012 5790 1061 5851 ted
1074 5806 1124 5864 pro
1136 5804 1293 5861 corrupere,
1308 5792 1365 5850 site
1380 5791 1528 5863 capellare.
1547 5795 1649 5854 liatsrr.

353 5896 491 5965 Pacuui..
518 5896 588 5964 vll.
1654 5890 1670 5953 1

1126 4010 1222 4066 urimis
1235 4025 1300 4068 mss.
1313 4022 1341 4068 et
1351 4014 1432 4070 editis
1453 4033 1461 4069 :
1476 4016 1526 4071 uisi
1550 4018 1641 4090 legere
1654 4022 1733 4075 malis
1752 4036 1815 4079 cum
