4017 6350
86 284 147 343 ais
453 294 607 359 bisseno.
626 296 660 356 iit
678 297 742 358 iiii.
764 299 809 358 iiii
828 297 1001 363 donimus
1019 302 1210 369 comestis.
1229 309 1307 371 cis.
1326 312 1371 373 ti.
1698 333 1753 392 ait

84 400 154 457 dana
181 404 270 461 etlam
285 404 312 463 in
326 405 424 466 litteris
443 410 476 467 ad
498 413 601 471 amicos
613 414 693 485 datis,
708 416 755 477 alii
773 418 799 475 in
825 419 901 476 libris
914 423 942 486 Α
953 432 1007 487 que
1020 420 1183 493 imperatore
1194 426 1334 487 intellectu
1349 430 1438 489 miuus
1457 432 1560 505 facilia,
1584 447 1632 497 aut
1653 442 1752 505 obser·

83 496 142 553 alia
158 497 197 554 de
220 516 253 559 re
267 506 433 576 compositis,
457 506 504 575 alii
527 509 655 577 peculiari
674 512 788 583 quadam
804 512 832 570 in
844 513 900 571 dis·
950 512 1058 571 vatione
1073 521 1158 590 magis
1170 520 1251 591 digua
1265 526 1405 581 memoriae
1420 527 1554 600 prodidit,
1577 531 1635 592 isac
1648 537 1750 609 simui,

84 592 250 651 scitatione
284 598 374 653 conati
402 606 466 655 sunt
496 598 611 657 obscura
639 602 761 674 quaedam
786 604 900 676 hrrjusce
950 618 1001 660 nec
1024 614 1186 681 separatim,
1210 630 1245 671 ne
1265 618 1389 674 conlusio
1412 620 1502 693 aliqua
1525 626 1674 700 oboriatur,
1700 648 1751 705 pro

83 684 153 743 libri
174 688 242 745 ioca
260 705 310 762 pro
329 692 401 749 uirili
416 702 492 765 parte
509 696 644 767 explicare
665 707 693 753 et
715 698 898 769 interpretari.
949 696 1061 755 modulo
1074 711 1168 760 uosiro
1181 707 1339 767 exarnioare
1350 751 1358 778 ,
1370 712 1506 783 enodare,
1520 727 1567 776 aot
1586 723 1752 785 coniirmare

122 778 280 841 Breviorcs
299 793 390 842 autem
404 796 481 843 notas
497 788 525 845 iu
536 788 608 846 bunc
621 790 718 847 tibrum
733 791 899 862 seripserunt
949 792 1135 852 concitamur.

84 870 218 931 Thomas
232 875 329 947 spari,
344 878 476 951 Georgius
488 879 623 949 Graevius,
635 882 709 939 sites
727 883 898 955 Bobereiius,
986 880 1132 941 Historiam
1146 900 1237 947 autem
1249 906 1326 951 suom
1339 894 1456 957 Ceciliua
1471 902 1541 979 (cop.
1561 908 1590 979 ἓ)
1612 927 1628 968 a
1649 912 1753 975 Christi

84 961 219 1023 Thomas
234 966 311 1037 Galo,
327 969 423 1027 Petrus
437 971 512 1040 iiix,
535 973 636 1031 Patrius
654 974 818 1045 Goimesius,
832 977 900 1035 Vos-
949 970 1102 1033 Senatorio
1116 983 1202 1037 nostri
1217 994 1304 1042 nrorte
1315 988 1358 1044 sic
1368 991 1515 1050 orditum
1534 998 1671 1061 Extremis
1687 1017 1752 1066 tem·

85 1056 159 1125 sius,
178 1058 375 1131 ltaucroixius,
398 1062 545 1134 Burnetus,
567 1066 701 1125 annicius
718 1068 784 1142 Pagi
805 1068 831 1125 io
851 1084 900 1127 sua
950 1066 1062 1136 poribm
1074 1068 1175 1128 Tiberii
1192 1072 1326 1143 deseris,
1341 1088 1371 1135 ut
1392 1082 1522 1155 scriptum
1545 1089 1678 1168 legimus,
1695 1099 1751 1158 tto-

86 1147 115 1203 iu
127 1148 248 1209 &sutrii
262 1155 382 1213 Annales
402 1158 508 1226 critica,
523 1174 555 1217 ac
576 1160 730 1218 iiodweiius
745 1162 771 1217 in
786 1160 899 1235 Cypria·
949 1160 1041 1218 minus
1054 1174 1148 1221 noster
1158 1165 1237 1223 lesus
1253 1169 1407 1229 Christuea
1427 1176 1528 1236 ludaeis
1541 1188 1676 1246 cruciatus
1687 1203 1749 1264 est,

86 1240 161 1299 niuis
169 1242 412 1307 dissertationibus
422 1252 482 1308 :sed
496 1250 539 1309 bis
552 1252 729 1311 istenondutn
744 1265 898 1324 contentus,
950 1262 1012 1325 iios!
1024 1254 1097 1313 dioto
1111 1256 1247 1318 decimum
1262 1260 1440 1323 kalendarum
1455 1268 1582 1341 Aprilis:
1608 1299 1617 1332 r
1640 1281 1669 1338 lu
1693 1302 1751 1344 ma-

85 1336 268 1407 pecuiiarent
280 1342 314 1400 dc
326 1343 383 1415 ripa
400 1346 499 1417 striga,
515 1347 550 1404 ab
560 1356 670 1405 auctore
680 1358 775 1407 nostro
797 1364 900 1407 memo·
950 1348 1091 1413 nuscripto
1102 1352 1205 1419 codice,
1215 1360 1348 1427 gnidum
1359 1360 1394 1416 io
1405 1360 1458 1417 icol.
1472 1364 1536 1440 Aps.
1552 1370 1652 1429 duobos
1665 1376 1749 1435 Gemi·

87 1437 162 1495 pege,
179 1429 404 1493 dissefgpqippem
419 1437 513 1494 edidis,
949 1441 990 1495 uia
1003 1443 1165 1501 consulibus.
1181 1448 1217 1505 At
1228 1448 1382 1511 i’irrnianus
1395 1455 1554 1519 ucmntius
1576 1466 1604 1521 iu
1627 1472 1753 1539 genuinis

124 1520 286 1594 Longiores
304 1540 369 1584 reru
387 1530 548 1601 conscriptae
570 1540 670 1589 sunta
692 1530 831 1604 Stephano
848 1532 901 1589 Ba·
949 1534 1007 1589 suis
1032 1536 1186 1596 diuitiarum
1217 1541 1418 1605 institutionum
1454 1553 1531 1612 libris
1566 1562 1646 1629 paulo

87 1615 177 1684 iuuio,
204 1616 333 1678 Gisberto
353 1620 477 1695 Cupero,
497 1622 602 1682 loanne
615 1622 763 1693 Columbo,
787 1624 899 1683 iiiooiao
949 1626 1017 1686 dixit
1031 1630 1172 1703 (Laetam,
1188 1637 1234 1693 iio.
1254 1655 1284 1695 rr
1298 1642 1349 1697 dio.
1364 1641 1446 1717 last,
1467 1666 1525 1723 cop.
1549 1653 1594 1725 io)
1610 1674 1646 1711 :a
1668 1658 1754 1717 liero-

86 1706 258 1781 Toirrardo,
284 1711 387 1773 iacobo
408 1716 506 1783 Toliio,
527 1734 553 1776 ct
574 1719 657 1775 Paulo
682 1719 811 1775 baudrio.
835 1718 900 1789 Qui·
949 1721 1062 1780 desiuit
1086 1727 1138 1784 sub
1156 1727 1272 1801 imperio
1294 1734 1396 1793 'i'iberii
1419 1740 1554 1809 Caesaris,
1577 1748 1656 1823 cujus
1681 1768 1754 1814 anno

85 1806 211 1865 busdam
244 1825 326 1881 porro
350 1812 377 1869 in
401 1813 497 1871 litteris
516 1815 661 1882 Valesius,
688 1814 812 1879 otarius,
837 1812 899 1870 Ste-
913 1823 937 1886 Β
951 1814 1183 1891 quintodecimo,
1200 1824 1294 1895 idest,
1308 1828 1414 1889 duobus
1435 1834 1558 1897 Geminis
1571 1846 1752 1920 oonsulibus,

88 1900 203 1972 pisanus
231 1898 377 1973 baluzius,
402 1914 429 1963 et
456 1906 598 1965 dissertus
626 1907 747 1979 Cupcrus
771 1904 899 1963 norinulia
951 1917 1015 1965 aruo
1029 1909 1102 1968 diem
1115 1921 1259 1988 septimam
1274 1920 1450 1983 estendere·
1463 1932 1596 2001 spritium
1609 1954 1620 1991 a
1635 1939 1673 2009 (in
1687 1941 1756 1999 duo-

87 1993 189 2053 Ceciiii
211 1997 301 2054 nostri
320 1999 380 2056 loca
404 2002 550 2059 emendare
577 2009 624 2057 ant
651 2002 790 2059 iilustrare
811 2005 900 2055 teuta-
950 1998 1001 2057 bus
1023 2019 1089 2061 mss.
1113 2006 1197 2079 regiis
1219 2013 1435 2091 antiquioribus,
1460 2031 1489 2079 et
1509 2026 1569 2083 aitis
1591 2031 1754 2099 quibusdam

88 2094 205 2143 verum,
950 2092 1103 2151 codicibus:
1115 2096 1180 2155 ime
1193 2101 1261 2157 dnm
1275 2104 1366 2161 iditui.
1380 2108 1480 2183 April.)
1493 2132 1502 2165 r
1516 2114 1603 2175 ludaei
1615 2120 1754 2183 Christum

127 2179 169 2238 ile
196 2180 307 2239 iliarum
335 2193 425 2241 autem
448 2187 568 2243 omnium
593 2188 680 2259 pretio
695 2197 724 2244 et
739 2188 856 2247 utilitate
881 2180 900 2245 ii
950 2188 1024 2243 cruci
1036 2190 1190 2249 alliserunt.
1201 2214 1212 2248 r
1225 2196 1351 2257 Baluaius
1363 2218 1429 2260 uero
1442 2218 1470 2261 et
1482 2207 1529 2265 alii
1542 2211 1568 2267 in
1583 2227 1676 2282 partes
1690 2234 1754 2277 sese

90 2286 204 2343 omnes,
219 2272 248 2331 iu
275 2291 389 2349 quorum
411 2294 507 2337 manus
531 2278 701 2345 devenerint.
727 2280 809 2338 tacite
827 2278 901 2353 iudi·
950 2289 1178 2353 uertuntomucs,
1194 2295 1225 2344 ut
1239 2301 1382 2366 utrumque
1395 2295 1569 2358 huncloeotn
1586 2308 1752 2379 concilient,

90 2366 207 2425 cabum.
228 2368 301 2427 Nihil
321 2388 514 2446 ergoueeesse
537 2384 579 2433 est
603 2386 632 2431 ut
657 2385 798 2445 nostrum,
828 2374 900 2447 quod
951 2382 979 2429 et
993 2374 1028 2429 ab
1041 2391 1094 2433 uno
1109 2378 1261 2452 eodemque
1276 2394 1387 2443 auctore
1399 2390 1531 2464 scriptum
1556 2393 1642 2457 luisse
1663 2414 1756 2460 osten·

91 2460 138 2516 rix
166 2476 298 2534 umquam
313 2464 373 2521 sine
393 2466 508 2538 alicrq'us
532 2467 683 2526 offensione
704 2468 771 2525 lerri
793 2480 899 2542 potest,
951 2464 1030 2523 daut·

93 2551 308 2626 interponamus
321 2558 465 2630 iudiciuin.
481 2560 620 2619 Neminem
645 2578 710 2619 vcro
733 2577 796 2619 esse
825 2574 901 2632 puta·
987 2558 1098 2617 Certum
1112 2563 1221 2632 quidem
1236 2577 1278 2624 est
1291 2584 1324 2627 ac
1334 2571 1415 2643 plane
1432 2578 1606 2638 manifestum
1628 2586 1756 2645 cumdem

92 2660 168 2716 mus,
190 2650 240 2721 qui
263 2664 316 2706 non
336 2662 466 2724 agnoscat
480 2668 541 2726 quae
554 2662 709 2728 quantaque
727 2654 827 2711 tuerint
839 2654 902 2711 iilo-
952 2665 969 2706 a
983 2651 1125 2711 Lacurrtio
1137 2665 1166 2714 et
1178 2658 1280 2718 Ceciiio
1290 2674 1384 2720 nostro
1396 2666 1535 2741 designari
1547 2676 1645 2733 mortis
1653 2677 1757 2737 Christi

94 2752 157 2795 rum
178 2740 208 2797 in
233 2741 302 2800 iocis
312 2746 431 2803 auctoris
444 2747 531 2803 nostri
543 2746 746 2805 obscurioribus
761 2748 900 2818 explicari-
952 2748 1236 2808 onoumtuhdtiobitt
1249 2752 1389 2826 Geminis.
1410 2760 1438 2817 id
1460 2772 1521 2833 est,
1536 2766 1569 2823 L.
1596 2769 1680 2827 Fusio
1702 2772 1756 2833 tte

95 2830 149 2899 dis,
159 2842 209 2889 aut
225 2836 360 2907 corruptis
373 2837 550 2897 emendandis
564 2840 691 2908 eruditio,
716 2842 860 2913 sagacitas,
875 2850 903 2899 et
953 2836 1042 2906 mino
1058 2850 1086 2897 et
1106 2840 1138 2897 la·
1153 2843 1282 2902 Rubellio
1303 2847 1419 2908 Gemino
1434 2858 1603 2919 consulibus.
1619 2863 1673 2921 Sed
1696 2863 1757 2924 beo

96 2927 253 3000 ingenium.
276 2932 312 2987 it
324 2931 413 2989 nullus
436 2932 516 2989 ctiam
542 2934 701 2991 diffitebitur
723 2935 851 3008 quasdam
867 2951 902 2992 ex
953 2944 1007 2985 non
1020 2932 1165 3004 singuiern
1178 2935 1227 2993 iuit
1242 2939 1373 2999 Lactaniii
1387 2955 1413 3003 et
1427 2946 1521 3005 Ceciiii
1534 2953 1643 3025 opinio,
1659 2974 1756 3017 rerum

97 3020 140 3079 his
153 3024 230 3081 notis
243 3024 356 3081 minoris
366 3040 428 3083 esse
447 3028 587 3095 momenti,
603 3036 684 3101 atque
699 3027 903 3098 grammaticam
953 3022 1034 3079 etiam
1050 3024 1223 3093 Tertulliani,
1236 3042 1265 3086 ut
1278 3048 1359 3104 supra
1372 3037 1630 3115 demonstravimus,
1645 3059 1674 3106 et
1687 3049 1757 3108 alio·

97 3114 180 3187 ionge
194 3118 294 3190 magis,
314 3132 396 3191 quatu
416 3134 465 3191 par
484 3128 741 3193 erai,spectantes;
755 3120 822 3178 alias
836 3134 903 3179 rero
953 3130 1013 3171 rum
1027 3118 1145 3186 olivitam
1167 3124 1351 3198 aritiquiorum
1370 3129 1499 3190 Ecclesia
1522 3134 1652 3210 Patrem,
1676 3144 1758 3204 sicuti

98 3209 276 3279 prolixiores,
299 3211 327 3267 in
351 3213 449 3283 quibus
476 3227 569 3270 earum
590 3219 717 3270 auctores
747 3213 782 3270 ab
807 3213 903 3270 Ceciiii
917 3219 940 3283 c
956 3225 1052 3268 omncs
1066 3214 1194 3274 latentur.

98 3302 244 3374 proposito
258 3303 576 3377 lougiusdigrcdiuntur‚
597 3315 732 3362 autextra
747 3307 834 3363 aleam
857 3321 904 3379 pc-
993 3305 1121 3364 Vcrtimo
1146 3309 1279 3370 [siclinii
1304 3325 1353 3372 titii
1376 3317 1528 3390 Ιθθϋῑίῠηθ,
1555 3337 1602 3384 aut
1627 3331 1758 3401 opinione

100 3394 173 3452 nitus
187 3405 380 3465 excurmntcs,
400 3397 473 3453 aliud
487 3398 598 3454 omnino
619 3407 712 3470 agunt,
737 3413 816 3470 quam
830 3399 904 3472 quod
956 3413 1069 3468 prorsus
1079 3403 1168 3460 atiena
1181 3415 1244 3462 suut
1259 3407 1318 3466 hac
1328 3407 1420 3468 Ceciiii
1435 3414 1518 3471 uerba
1534 3418 1683 3480 :serrem
1693 3437 1757 3482 reru·

99 3487 133 3545 ad
150 3490 275 3546 auctoris
296 3489 339 3546 sui
359 3489 527 3557 institutum,
546 3492 590 3548 rei
607 3491 815 3562 explicationem
842 3507 905 3564 pos-
955 3492 1060 3564 poriiaa
1072 3493 1167 3552 Tiberii
1182 3497 1302 3556 deseris.
1317 3501 1347 3559 Si
1371 3505 1443 3562 euim
1457 3508 1516 3564 iraec
1541 3512 1588 3569 iiie
1613 3514 1648 3571 de
1670 3517 1707 3574 22
1729 3527 1759 3576 et

101 3582 136 3638 sit
152 3584 291 3640 tantillum
312 3583 475 3641 conducere.
491 3583 585 3640 Nullus
604 3599 686 3655 porro
714 3583 843 3642 audacior
856 3584 905 3641 tuit
958 3587 1075 3656 amptius
1099 3589 1178 3646 annis
1200 3591 1306 3663 imperii
1329 3596 1406 3665 eius,
1429 3606 1458 3654 et
1477 3615 1538 3658 cum
1560 3602 1702 3664 Lactantio
1723 3610 1759 3668 dc

101 3672 200 3741 Tullio,
233 3677 279 3748 qui
303 3675 402 3748 passim
431 3682 569 3732 auctorem
598 3686 721 3734 nostrum
742 3677 844 3733 erroris
865 3687 906 3733 te-
955 3693 1029 3736 armo
1051 3682 1128 3755 regni
1151 3683 1235 3754 ipsius
1260 3687 1368 3744 decimo
1399 3692 1497 3763 quinto
1523 3696 1643 3768 dixerit,
1667 3702 1758 3761 mitius

101 3781 177 3825 merc
188 3771 288 3842 arguit,
310 3779 391 3842 atquc
411 3770 512 3826 idcirco
526 3785 541 3826 a
566 3769 692 3838 Boudrio,
706 3771 814 3827 tametsi
828 3771 903 3843 ejus·
955 3782 1030 3827 recte
1045 3780 1073 3829 et
1085 3783 1178 3831 contra
1189 3776 1322 3838 Lactantii
1336 3797 1441 3839 moreau
1455 3785 1585 3858 loquitur.
1597 3790 1675 3850 'iuno
1684 3797 1757 3854 cniui

102 3858 164 3916 dem
180 3870 274 3930 secie,
290 3861 410 3918 melioris
425 3871 514 3918 tanuen
531 3860 595 3918 iidei
614 3861 682 3927 viro,
705 3877 778 3932 sepe
798 3878 830 3919 ac
843 3863 904 3932 jure
955 3863 1100 3935 Tiberius,
1117 3869 1164 3938 qui
1178 3885 1284 3942 septem
1295 3885 1342 3930 aut
1364 3887 1427 3933 ocio
1449 3895 1535 3937 arrrros
1550 3893 1643 3952 postea
1656 3903 1757 3959 regna·

103 3953 212 4022 quidem
224 3954 323 4011 merito
340 3955 458 4027 vapulat.
472 3955 512 4012 lio
528 3965 618 4012 cirtem
632 3955 716 4026 magis
728 3953 904 4026 improbanda
955 3959 1010 4026 uit,
1024 3961 1172 4019 secundam
1188 3973 1293 4022 uratum
1317 3969 1423 4041 imperii
1446 3972 1489 4028 sni
1504 3985 1607 4043 partem
1630 3981 1757 4051 expiere·

103 4054 146 4102 est
162 4047 245 4105 'i'ollii
259 4049 407 4117 temeritas,
418 4066 474 4123 quo
487 4051 573 4123 magis
585 4051 701 4123 ingenue
722 4049 842 4106 declarat
856 4066 905 4108 no-
956 4061 1009 4106 rat.
1023 4049 1087 4107 llaec
1100 4069 1165 4126 ergo
1180 4053 1233 4111 dici
1247 4073 1301 4113 nou
1317 4069 1433 4131 possunt
1445 4074 1568 4120 extrema
1592 4067 1666 4125 iliius
1686 4079 1756 4130 tem-

104 4149 145 4195 ias
155 4155 221 4198 suas
233 4158 312 4213 opero
324 4159 379 4200 esre
389 4144 569 4215 tumultuario,
583 4145 690 4218 soptim,
703 4145 904 4217 stumqueta'bra'a
956 4156 1033 4213 pora.
1050 4143 1079 4200 Si
1093 4160 1157 4202 uero
1169 4143 1285 4204 Ceciiius
1300 4149 1353 4205 iliis
1370 4151 1461 4207 uerbis
1473 4167 1574 4211 aurium
1597 4158 1757 4232 imperantis

104 4230 131 4288 in
148 4235 261 4307 graiium
275 4235 422 4310 bibliopolae
436 4237 543 4293 breuior
563 4239 717 4310 coneoripta.
839 4237 845 4249 “
955 4233 1057 4293 Tiberii
1070 4237 1205 4296 decimum
1227 4242 1756 4327 00¹²t⁰md0⁵58ui212pttil⁰quidenu

414 4353 530 4412 cqpuq·
550 4351 593 4413 qv·
955 4331 1044 4402 aptius
1058 4332 1194 4405 loquetur,
1209 4334 1259 4394 scd
1271 4336 1306 4392 ab
1319 4337 1453 4396 Lactarrtii
1466 4342 1614 4417 opinione,
1637 4363 1653 4404 a
1676 4353 1756 4412 nobis

954 4421 1017 4478 alibi
1029 4423 1179 4494 explicata,
1194 4427 1274 4497 plane
1285 4431 1398 4486 recedit.

1674 1565 1754 1626 aliter

107 4459 189 4519 Noroe
210 4465 238 4519 ia
262 4465 330 4522 iuno
351 4465 446 4521 librum
467 4476 534 4522 note
556 4475 579 4522 ct
602 4467 854 4538 animaduersiones,
874 4485 905 4526 oc

164 4557 277 4626 primm
290 4557 322 4613 de
335 4556 438 4613 cmm
449 4557 561 4613 „mnu
574 4563 679 4634 ‘jum‘
691 4559 835 4632 discipu&
993 4516 1128 4575 Praeterea
1140 4518 1229 4577 eidem
1245 4521 1386 4581 Lactantio
1398 4526 1537 4588 aduersari
1559 4535 1649 4597 adbuc
1663 4541 1758 4602 uiden.

917 4617 1002 4680 Dior
1015 4611 1204 4685 subsequentia
1219 4613 1311 4674 ccciiii
1326 4621 1428 4676 rerba:
1456 4622 1519 4682 Post
1542 4629 1610 4686 derra
1628 4634 1755 4695 &mnam

958 4703 1080 4760 intendes
1094 4704 1203 4779 spato.
1216 4706 1373 4768 Lactantius
1386 4713 1458 4771 enirn
1473 4720 1599 4792 scripsit:
1615 4727 1681 4783 Ante
1690 4730 1758 4788 dian

109 4782 298 4856 dependenter
307 4807 353 4860 eo,
369 4808 427 4864 qum
439 4789 551 4848 Ceciiirrs
573 4791 678 4847 tradidit
702 4791 734 4847 de
755 4802 869 4866 tempore
883 4801 908 4848 ei
959 4798 1114 4868 septimum,
1127 4799 1170 4856 uei
1179 4799 1258 4872 juxta
1272 4804 1404 4874 quosdam
1417 4810 1526 4870 codices
1538 4829 1554 4869 a
1570 4817 1648 4874 nobis
1660 4820 1758 4881 citatos

143 4894 213 4937 oeno
241 4883 332 4954 quibus
367 4883 483 4940 Christus
508 4883 635 4940 Omnium
665 4894 783 4940 ritortuus
808 4895 861 4953 est,
884 4894 908 4940 et
961 4891 1089 4947 decimum
1102 4891 1226 4950 halsow
1240 4895 1349 4969 soritis.
1372 4901 1408 4957 iit
1431 4900 1557 4961 Baluzius
1580 4917 1670 4968 nuncu
1692 4930 1760 4974 oon-

144 4984 231 5032 atrom
243 4978 314 5034 illius
327 4979 415 5036 eodem
428 4997 459 5036 oc
475 4979 605 5037 Lactantii
624 4998 654 5036 eo
667 4981 698 5037 de
716 4997 744 5037 rc
758 4983 837 5055 fuerit
848 4999 908 5039 sen·
962 4984 1048 5041 tendit
1062 4996 1177 5058 utroque
1190 4989 1317 5059 loquendi
1333 4993 1414 5049 inodo
1432 4996 1503 5053 idem
1516 5000 1674 5072 signiticari.
1690 5007 1758 5067 Nam

145 5070 234 5124 ,mn-a·
961 5073 1076 5132 Romani
1089 5119 1097 5144 ,
1109 5078 1194 5150 inquit
1210 5079 1274 5148 ille,
1289 5094 1343 5137 non
1358 5084 1482 5142 solebant
1494 5087 1610 5146 dicendo
1625 5105 1686 5163 post
1706 5098 1758 5156 lta·

145 5157 229 5220 Tutus
243 5163 287 5221 iric
301 5164 370 5222 liber
382 5179 444 5222 cum
460 5165 607 5224 historicus
619 5167 744 5238 sit,c1us
758 5175 852 5226 auctor
864 5183 909 5224 or·
961 5165 1056 5222 lendes
1067 5207 1076 5237 r
1089 5183 1137 5225 ⁰⁰⁸
1150 5171 1205 5226 Μ
1220 5171 1372 5244 dimum,
1385 5179 1430 5246 (tui
1442 5179 1502 5235 ”¹³⁵
1512 5182 1758 5263 ⁸⁰b⁸0i¹¹0b⁰¹¹¹¹¹i2

110 5247 198 5309 dinem
215 5265 366 5330 temporum
380 5259 407 5314 in
422 5273 455 5314 co
468 5275 498 5316 se
511 5259 587 5332 sequi
601 5258 673 5315 haurd
687 5260 771 5316 semei
796 5260 908 5332 proiite·
962 5263 1012 5319 sed
1024 5263 1069 5335 qui
1081 5265 1287 5323 antecedebant.
1305 5269 1406 5326 mindo
1429 5284 1543 5345 utroque
1564 5277 1610 5332 iilo
1625 5285 1762 5345 scribendi

113 5353 154 5400 tur
166 5347 235 5422 (cop.
248 5352 288 5422 9).
304 5351 456 5425 iiiiquarrto
479 5361 567 5409 nmen
579 5396 588 5422 ‚
602 5352 674 5425 quod
698 5361 726 5410 et
747 5354 808 5410 aliis
822 5352 909 5410 irisro-
962 5370 1062 5426 genere
1076 5363 1139 5411 aute
1157 5368 1185 5414 et
1208 5369 1269 5428 post
1282 5359 1413 5417 kalendas
1436 5379 1518 5419 unum
1541 5365 1668 5442 idemque
1688 5377 1763 5434 desi-

111 5439 211 5502 rimm
225 5447 403 5519 scriptoribus
423 5463 472 5504 usu
486 5447 580 5505 venire
601 5449 691 5516 solet,
714 5448 749 5504 ab
772 5463 806 5503 ΘΟ
820 5447 908 5504 disce.
962 5448 1057 5518 gnari,
1079 5460 1152 5518 putat
1176 5451 1284 5520 probari
1307 5466 1386 5522 posse
1409 5453 1451 5510 iiis
1473 5455 1547 5514 Pauli
1570 5459 1763 5530 iurisconsulti

113 5531 148 5589 dit
162 5536 173 5609 (
182 5555 241 5613 cup.
256 5540 274 5597 9
288 5551 311 5595 at
325 5542 357 5599 ii
370 5541 402 5614 ),
417 5540 464 5597 scd
479 5557 534 5596 uno
547 5549 651 5597 unium
667 5541 694 5595 in
710 5543 771 5598 ioco
786 5556 844 5598 suae
858 5555 908 5596 nos
963 5541 1054 5598 verbis
1069 5557 1076 5592 ι
1095 5561 1104 5594 r
1123 5543 1275 5599 Autriculus
1294 5552 1417 5599 extremo
1437 5550 1501 5603 uniri
1516 5550 1560 5607 dic
1582 5560 1697 5616 moritur
1712 5579 1719 5618 a
1734 5573 1764 5621 et

113 5628 237 5690 admouet
258 5633 435 5705 digressionis
458 5634 528 5708 (cop.
554 5632 611 5707 i'i).
639 5631 744 5690 Nostris
766 5633 857 5704 itaque
882 5634 909 5690 in
961 5634 1132 5692 cousuetudo
1145 5633 1274 5707 loquendi
1288 5634 1315 5691 id
1328 5636 1365 5689 ita
1380 5649 1442 5694 csso
1456 5641 1585 5700 declarat.
1607 5648 1763 5714 Antedicm

113 5723 182 5778 uotis
196 5725 351 5784 insistemus
373 5728 401 5784 iu
424 5728 508 5800 iiiiius
528 5724 668 5797 sesilliisi
692 5723 729 5782 ¹²²
744 5733 856 5792 ²³¹²¹0¹¹2
880 5732 912 5783 '¹‘
962 5728 1098 5786 dmum
1112 5726 1198 5784 ‘¹³⁰⁸‘
1216 5725 1288 5782 ‘¹¹⁶⁰'
1303 5725 1438 5784 ³³⁰¹¹¹¹¹¹¹¹¹
1463 5731 1650 5798 mmmm·
1671 5743 1766 5819 ΜΨ

114 5827 173 5885 qm
186 5817 323 5878 inuam,
335 5821 362 5878 ᾖ,
375 5816 685 5890 Ιωῑςάθρὴήηῑῃῃῑς,
699 5817 910 5890 erdeuuoquo-
962 5825 1024 5878 utro
1045 5820 1119 5876 cuim
1142 5832 1270 5875 serruoue
1296 5815 1422 5875 undecim
1446 5823 1505 5880 dies
1528 5828 1723 5900 significantur.
1752 5865 1763 5900 r

354 5917 493 5980 Parnon.
515 5913 586 5980 vii.
1474 5919 1514 5983 ²⁸

364 4691 511 4733 auricomis
531 4692 636 4736 caindo.
