4017 6350
81 317 139 376 3l5

439 317 544 380 NOTAE
564 319 597 378 lli
616 313 681 378 lle.
703 317 748 378 ev]
768 305 945 380 lleurtebs
963 317 1155 382 PERSSCUT.
1176 320 1254 382 Ωιι).
1274 319 1405 382 extit*

1684 317 1740 383 sio

81 436 212 491 territum
228 437 330 506 injecto
342 451 477 493 erratorum
497 437 614 492 civilium
628 442 711 490 metu.
727 433 779 489 alti
793 445 886 490 centra
901 441 925 500 Α
940 443 1014 505 patet
1031 435 1107 491 illum
1129 435 1172 491 bis
1187 433 1213 492 in
1228 431 1342 493 Calliam
1355 435 1503 509 preleclem
1514 427 1657 510 atrteqtrem
1671 436 1737 494 Car·

81 508 213 562 scribent
228 509 433 574 Diocletianum,
450 524 520 572 ceter,
537 509 737 578 ingravescente
752 520 827 570 reve,
841 521 888 577 pe-

83 594 147 633 rum
168 593 199 634 se
220 579 349 636 idoneum
374 579 536 636 rrtoderondo
555 577 670 646 irerverle
683 592 744 632 esse
763 577 887 645 sentiret,

81 659 227 706 auctorem
240 651 366 708 llcrcelio
376 651 684 722 tutsseotiaprtruam
694 648 887 712 cetrcederenr,

81 722 168 791 eique
187 739 258 794 agre
267 723 399 796 collegam
420 722 660 794 obtemperavisse,
674 721 722 776 sed
737 729 826 776 ιιιιιιιι
841 721 890 778 eb·

83 795 295 856 tentarerevlsse.

121 861 247 920 Libenu'r
262 867 382 936 erripuit.
400 867 547 938 Purpuram
563 879 643 933 qrrarn
658 862 829 933 deposuerat.
847 862 889 920 ln-

81 939 155 992 certi
182 938 360 1012 panegyricus
387 938 541 1008 paniosate
555 935 680 992 laudatus
697 951 704 988 z
724 933 796 990 Fecit
822 939 890 992 eninr

82 1007 174 1062 iterna
185 1010 242 1076 ipsa
250 1023 297 1078 pre
310 1011 440 1082 ntaiestale
450 1007 561 1062 nentinis
574 1008 624 1070 sui,
636 1017 664 1062 ut
676 1006 819 1062 estenderet
830 1009 891 1074 pes·

80 1096 112 1131 sc
125 1095 154 1133 se
175 1081 253 1134 etium
265 1081 461 1150 imperatoribus
479 1082 613 1148 imperare.
640 1077 750 1134 abdue-it
764 1080 890 1135 exercitus

82 1165 159 1217 sues,
175 1167 207 1204 ac
226 1153 271 1206 tibi
282 1151 408 1216 reddidit,·
423 1162 445 1206 et
460 1150 559 1206 merted
573 1151 698 1206 sedrmdos
713 1151 811 1204 animos
825 1167 887 1206 auc·

80 1223 216 1276 toritatem
230 1224 322 1291 privati
332 1222 734 1292 principisattulisses,supplices
744 1221 789 1277 tibi
800 1239 889 1278 uranus

81 1292 213 1359 tendens,
228 1295 267 1349 ecl
291 1295 374 1363 potius
389 1293 562 1368 queribunda,
587 1294 704 1348 clrrntaoit
725 1310 734 1348 .·
752 1291 890 1362 Quousque

82 1365 151 1427 lter,
168 1365 335 1430 bluciacianc,
349 1369 443 1434 quatiar,
455 1380 507 1422 ete.
519 1366 552 1420 ta
566 1367 643 1434 praelo
655 1375 715 1432 pust
729 1381 736 1418 r
751 1364 891 1436 ltnpcrasti

82 1436 189 1502 pridem
203 1449 308 1509 requires
323 1455 338 1491 o
352 1439 440 1507 fratre,
455 1455 546 1494 rursus
558 1438 654 1507 irripere
663 1439 755 1510 jussus
769 1453 785 1490 a
799 1447 888 1492 nmtre.

83 1503 241 1576 Purpurarn
253 1510 331 1565 tacite
345 1509 499 1565 resumebat
515 1509 667 1574 llerenlius,
679 1507 779 1577 quippe
794 1511 838 1574 ‹pri
849 1518 890 1564 ter

941 517 1055 561 nutrcem
1072 517 1192 578 peteret,
1220 521 1247 564 et
1269 510 1463 566 Diocletianum
1478 525 1531 568 nen
1548 511 1662 576 vidisse,
1685 509 1736 566 nisi

940 586 1002 704 qest
1027 580 1133 649 nuptias
1153 579 1322 638 camanum
1337 591 1364 638 ct
1387 581 1503 638 Faustae.
1524 583 1558 638 alt
1571 584 1641 639 enim
1665 581 1736 652 qued

963 650 1095 706 actantius
1107 661 1135 706 et
1147 649 1270 707 Zozimes
1283 653 1374 719 ainau,
1391 653 1545 710 lierculimn
1558 652 1737 710 Constantino

941 721 1024 776 liliam
1041 721 1210 790 promisisse,
1226 725 1303 779 aliter
1319 725 1417 796 legitur
1431 725 1457 780 iu
1467 728 1627 798 panegirico
1642 726 1735 781 incerti

940 791 1059 848 aucturis
1072 792 1145 849 dicto
1167 794 1193 848 iu
1217 797 1315 866 nuptiis
1328 795 1498 853 Constantini
1511 807 1539 854 et
1551 798 1673 863 Fateatur,
1690 797 1735 852 nbi

940 865 1126 934 scriptumest
1144 865 1349 922 Constatrtinurn
1372 883 1431 924 eam
1451 870 1599 953 postulasse
1620 869 1735 924 allatui-

940 935 1040 990 miano.
1069 935 1122 992 Sed
1143 941 1257 1008 proferto
1281 940 1420 1002 sicuttuo,
1437 940 1620 1006 innocentiae,
1649 955 1736 995 secere

939 1017 998 1062 ente
1013 1017 1050 1062 est
1063 1009 1198 1062 conciliata
1212 1007 1340 1074 diuinitus,
1352 1026 1429 1078 quam
1439 1010 1470 1064 ab
1482 1023 1511 1065 ee
1524 1013 1615 1082 pignus
1630 1013 1679 1080 ipsi
1694 1029 1738 1066 ca·

939 1079 1068 1133 rissirnunr
1083 1080 1240 1162 postulares,
1264 1081 1302 1134 sic
1313 1089 1336 1134 ct
1349 1098 1418 1134 nurrc
1431 1097 1529 1152 queque
1542 1083 1568 1136 in
1581 1083 1628 1135 bac
1649 1092 1737 1150 prelu-

939 1149 1036 1204 iatione
1049 1165 1122 1221 petus
1142 1150 1190 1205 ilie
1203 1151 1311 1205 dicenda
1325 1160 1386 1206 suut
1397 1194 1404 1218 ,
1416 1168 1472 1223 que
1485 1153 1512 1206 in
1525 1163 1549 1206 te
1572 1153 1737 1208 considerans

939 1229 1025 1276 tantm
1039 1222 1095 1289 istc,
1111 1231 1135 1276 et
1165 1221 1247 1276 aterni
1255 1263 1262 1286 ,
1276 1235 1300 1277 et
1314 1224 1352 1276 tui
1365 1233 1456 1278 auctor
1468 1222 1579 1294 imperii,
1588 1224 1689 1278 lutatus
1699 1231 1737 1278 est

939 1291 1009 1361 qued
1021 1293 1115 1362 petisti.
1157 1295 1182 1348 bi
1196 1294 1303 1348 interim
1316 1294 1513 1350 observandem
1525 1295 1649 1357 esiiliud.
1662 1295 1735 1363 qued

939 1364 977 1416 ait
989 1365 1112 1434 Scripter
1124 1364 1202 1419 istius
1214 1365 1387 1438 panegyrici,
1401 1366 1553 1423 llerceliem
1568 1379 1628 1421 esse
1641 1375 1734 1420 artete-

940 1449 996 1489 rcru
1012 1435 1116 1507 imperii
1128 1433 1307 1492 Constantini.
1325 1437 1383 1507 Qua
1396 1436 1431 1494 de
1451 1453 1479 1492 re
1500 1437 1562 1494 virle
1575 1453 1634 1508 qum
1651 1453 1733 1508 supra

939 1505 1012 1562 dieta
1025 1517 1087 1562 seru
1101 1508 1134 1562 ad
1149 1520 1229 1576 captu
1241 1509 1287 1563 ιι.

978 1577 1044 1634 Suu
1057 1581 1163 1634 acinacis
1177 1580 1249 1649 pile.
1266 1579 1329 1636 ilcic
1341 1578 1479 1637 adrnonerl
1501 1580 1640 1644 convenit,
1658 1595 1736 1636 rnen·

941 1648 1007 1704 dese
1023 1651 1049 1704 iu
1061 1651 1146 1706 veteri
1161 1651 1254 1707 codice
1274 1653 1404 1722 scripmm
1426 1668 1505 1719 esse,
1522 1655 1559 1710 ric
1572 1652 1678 1707 rrrinon's
1692 1655 1707 1724 ι
1722 1683 1735 1694 -

940 1719 1029 1776 attilio.
1053 1719 1180 1792 lnteiligit
1196 1732 1285 1779 autem
1309 1723 1445 1780 vaasaaa.
1468 1723 1524 1780 Sed
1546 1723 1736 1849 inquirendum

1595 1803 1678 1850 aeslte
1691 1810 1737 1852 ce·

82 1579 238 1644 srrrrrpsisse
252 1580 395 1635 invenitor.
411 1580 498 1652 lqurre
509 1581 560 1636 boc
574 1581 721 1651 pessimum
736 1578 888 1650 exenrplam

82 1663 168 1703 carisa
182 1649 233 1705 tna
244 1654 339 1707 mertis
354 1652 464 1718 Licinii;
480 1667 560 1724 quent
573 1665 633 1706 crttn
647 1651 838 1706 Cetrstemtinus
851 1652 890 1705 vi·

81 1721 179 1785 eisset,
197 1737 228 1776 ae
238 1724 263 1779 ei
272 1725 352 1778 vitam
365 1727 555 1790 concessisset,
568 1731 660 1794 postea
674 1719 792 1776 Herculii
803 1721 890 1778 obrui-

81 1792 166 1846 mieni
185 1795 266 1848 sormi
280 1796 320 1849 sui
337 1805 421 1850 mains
435 1795 567 1866 exemplo,
592 1811 623 1850 ne
636 1795 729 1850 iterum
748 1792 889 1862 depositam
903 1830 926 1892 B
940 1801 981 1846 est
996 1793 1022 1846 in
1038 1802 1153 1866 tempus,
1168 1809 1223 1864 qno
1237 1795 1335 1864 napea
1348 1796 1516 1853 Constantini
1531 1805 1559 1852 et

82 1879 232 1930 purpuram
256 1867 282 1920 in
300 1868 436 1936 perniciem
459 1865 617 1938 Reipublicae
629 1873 753 1931 sumeret,
777 1867 888 1922 termulen
942 1861 1051 1920 lebratae
1061 1874 1133 1920 suru.
1148 1863 1259 1921 Certum
1270 1878 1311 1922 est
1325 1868 1455 1923 Severum
1469 1872 1617 1938 Augustum
1631 1867 1751 1922 ervitte-¹

81 1936 195 1992 rrriiitari
217 1937 373 2007 eripetrtibns
389 1940 414 1992 in
435 1937 618 1993 Tiresseienicn
645 1937 724 2010 iussit
739 1935 838 2002 occidi,·
859 1946 888 1993 nt
940 1943 994 1990 tum
1010 1935 1174 1992 itrisseanno
1190 1935 1289 1993 Christi
1311 1928 1507 2004 bbissennte,
1532 1954 1685 2008 quanquam
1700 1937 1736 1994 tle

81 2004 224 2075 legitarin
241 2007 886 2080 FragnteatocloConstaruiolltdere,peg.d'15,
937 2021 1033 2062 ercnse
1056 2023 1109 2061 non
1132 2017 1248 2062 constat.
1266 2009 1361 2066 l‘estea
1385 2010 1567 2066 Maximianus
1594 2009 1734 2066 Herculius

82 2076 241 2134 llerrilueius
260 2095 307 2135 vru
336 2084 433 2136 itureos
458 2099 502 2146 ιιι,
524 2081 546 2134 si
562 2079 722 2135 Caelestinus
737 2093 752 2132 v
773 2079 885 2136 liberam
937 2075 1044 2132 Fausta·
1056 2089 1133 2148 pour
1146 2081 1172 2134 in
1187 2079 1302 2136 Galliam
1320 2081 1457 2150 proiectus
1471 2092 1512 2137 est
1523 2123 1530 2146 ,
1542 2094 1569 2137 nt
1580 2081 1733 2137 Constanti·

81 2150 168 2203 ritam
183 2161 286 2218 ageret,
300 2154 495 2219 peutilicatuur,
511 2168 564 2219 quo
578 2165 608 2208 se
621 2150 800 2218 abdicaverat,
812 2166 887 2206 rese·
938 2163 1000 2202 nem
1015 2150 1135 2218 partibus
1150 2151 1206 2206 seis
1227 2153 1394 2221 conciliaret,
1417 2153 1557 2224 promissis
1569 2152 1606 2208 illi
1628 2151 1735 2208 eaesae

81 2231 183 2292 niteret,
200 2238 262 2276 cum
277 2223 304 2278 in
318 2224 438 2279 custodia
451 2225 565 2278 ιιιιιιιιιι
578 2221 667 2292 jussit.
680 2219 729 2276 Cei
744 2222 887 2293 praeiverat
937 2219 1050 2275 retineris
1065 2221 1128 2278 ntia
1155 2223 1278 2292 romnis:
1298 2239 1385 2294 eoque
1407 2225 1540 2296 promisso
1562 2225 1690 2294 inoptam,
1706 2231 1735 2280 ιιι

79 2291 191 2346 Callisti
208 2309 226 2347 n
238 2297 390 2364 exctrtplum
404 2309 466 2364 erga
482 2295 640 2349 burdinum.
937 2289 1064 2347 Zeziruus
1087 2293 1142 2362 ιιι,
1162 2295 1326 2363 persumere
1341 2295 1489 2350 currebatur
1509 2295 1682 2352 Constantine
1705 2305 1735 2351 ιιι

116 2363 402 2440 ilauurnerncensuqit.
415 2365 571 2422 Zezinrosirr
586 2365 656 2420 libre
670 2363 887 2422 secundescrilrit
936 2361 1119 2420 discedentem
1144 2380 1177 2420 ex
1197 2363 1272 2421 ltalia
1287 2365 1424 2422 Galerium
1437 2367 1625 2424 blarintianem
1638 2381 1733 2436 prose·

81 2435 242 2491 liereelium
265 2440 449 2494 circmnvente
462 2438 640 2492 sacrorncutis
654 2435 755 2492 Serere
776 2451 886 2505 persua·
936 2446 1076 2504 queretur.
1092 2436 1132 2492 Sx
1146 2437 1244 2507 quibes
1265 2438 1355 2495 verbis
1369 2439 1505 2510 colligitur
1528 2439 1635 2508 nuptias
1648 2440 1733 2494 livisse

80 2507 164 2572 sisse,
185 2515 214 2562 ul
232 2509 360 2564 Ravenna
374 2511 522 2570 excedens.
538 2525 592 2578 que
606 2524 636 2564 se
649 2506 815 2570 contulerat.
831 2507 886 2563 Re·
935 2504 1088 2563 celebratas
1100 2523 1133 2564 eo
1154 2523 1294 2578 revertere,
1318 2525 1371 2582 qee
1385 2509 1511 2567 Celerius
1524 2519 1583 2565 erat
1596 2509 1622 2564 iu
1636 2508 1709 2565 ltalia
1723 2551 1732 2576 ,

80 2593 154 2631 arram
171 2580 373 2650 venlrctcoqne
389 2591 555 2652 pergentem,
572 2580 615 2636 ubi
630 2579 773 2650 quemdam
789 2579 822 2633 ad
845 2580 885 2634 la-
935 2577 977 2630 vel
988 2589 1061 2635 certe
1074 2593 1136 2634 cern
1150 2581 1177 2634 ιι
1190 2581 1328 2652 prounde
1340 2593 1411 2638 esset
1426 2581 1525 2638 imilco
1537 2581 1730 2652 expeditionis.

79 2665 143 2704 cerm
155 2652 288 2718 venisset,
302 2669 381 2724 rprrctn
393 2653 459 2708 Tres
480 2654 604 2708 talrernas
617 2660 726 2715 vocarit,
737 2649 771 2704 ab
782 2650 885 2710 insidiis
936 2647 1001 2703 Corn
1026 2659 1116 2706 autent
1140 2651 1185 2706 ilie
1213 2654 1238 2705 in
1255 2652 1390 2724 illyricum
1404 2669 1437 2709 ex
1452 2653 1527 2709 ltalia
1543 2654 1627 2710 reden
1652 2653 1734 2708 taeur

79 2735 150 2788 quas
175 2738 210 2778 ee
232 2724 290 2778 lece
305 2725 453 2779 llarseuties
468 2725 657 2788 collocaverat,
672 2721 882 2793 ariprebeesum,
935 2733 1007 2776 aritio
1018 2721 1115 2777 codem
1137 2721 1189 2778 507
1202 2732 1266 2787 ante
1279 2740 1398 2780 rorensem
1413 2725 1614 2792 septembrem,
1634 2734 1663 2779 nt
1675 2723 1734 2793 epi·

80 2792 185 2849 inserer
205 2795 302 2864 laqueo
318 2797 423 2850 cervice
441 2805 576 2851 necatotn.
590 2793 688 2851 lacerti
707 2796 884 2862 panegyricas
936 2807 1004 2859 ner,
1018 2803 1045 2847 et
1058 2809 1089 2849 er
1106 2793 1237 2862 capitebl
1253 2795 1329 2852 istius
1354 2796 1414 2851 libri
1429 2795 1605 2853 ‘Lactarniani
1627 2805 1734 2852 constet

78 2864 265 2921 Constantino
278 2868 365 2922 rlictes
385 2877 447 2936 past
460 2867 599 2922 victoriam
614 2865 648 2920 de
663 2864 798 2920 nascendo
821 2879 884 2934 par·
936 2860 1090 2919 ilercelinnr
1106 2863 1218 2921 bennam
1230 2865 1325 2922 iterum
1343 2868 1492 2936 prniccteur
1504 2878 1565 2938 post
1579 2867 1667 2938 lugam
1677 2866 1732 2924 Ga·

80 2947 135 2990 tem
152 2955 162 2991 τ
179 2937 293 2994 Duceret
315 2955 434 3008 ineptum
458 2939 566 2994 Seuerus
582 2937 765 2999 corroborari
788 2938 884 2991 bostem
936 2933 1013 3000 leril,
1037 2951 1069 2990 ae
1083 2951 1144 2990 cetra
1166 2952 1271 2993 rursum
1286 2941 1382 2995 eodem
1401 2955 1473 2996 arene
1488 2939 1614 2996 rediisset
1624 2939 1651 2995 in
1665 2938 1730 2994 Gal·

78 3023 156 3061 suurn
166 3009 276 3076 perfidie
288 3013 401 3065 merlus
410 3018 559 3064 mecaenat.
573 3007 673 3064 Aeeten
686 3006 705 3062 F
709 3011 838 3077 ingerenti
850 3008 884 3062 de
935 3004 1002 3072 lies,
1024 3006 1061 3061 ibi
1076 3007 1268 3080 nliqrrautelum
1294 3020 1427 3066 oneratum
1448 3026 1526 3075 esse,
1547 3019 1575 3066 et
1597 3019 1687 3079 postes
1702 3009 1730 3065 ie

78 3079 243 3137 (irrestautie
255 3082 367 3146 liblero,
382 3097 441 3152 pag.
456 3079 528 3138 lib:
544 3079 665 3136 liesertus
680 3077 791 3135 Seuerus
801 3097 818 3133 a
829 3080 883 3134 suis
934 3075 1068 3149 illyricum
1080 3076 1114 3143 ad
1126 3081 1219 3135 urbem
1232 3081 1669 3144 varaaaoataCacaaammvonisse,
1679 3081 1731 3134 ibi·

80 3151 147 3222 fugit
159 3151 317 3209 llaeermanr.
330 3152 382 3209 Per
389 3152 547 3209 Marenburn
558 3153 640 3221 ptum
651 3151 700 3220 (sic
711 3149 782 3209 euim
794 3151 887 3221 legem.
934 3162 986 3219 que
1002 3149 1084 3205 lesisse
1098 3151 1114 3205 5
1129 3151 1189 3207 ides
1206 3153 1377 3219 novernlnis,
1394 3169 1448 3225 que
1457 3153 1501 3210 die
1516 3151 1634 3211 Licimns
1647 3169 1661 3205 ι
1673 3150 1730 3209 Ca·

78 3223 158 3291 ιιιιιιι)
169 3234 287 3281 moruus
302 3226 364 3281 illuc
378 3226 443 3280 penit
460 3222 608 3287 Herculius,
624 3225 667 3294 qui
682 3240 728 3295 per
740 3216 918 3296 perjuriumC
936 3220 1003 3277 lcrie
1023 3222 1109 3277 lactes
1124 3232 1165 3277 est
1178 3224 1345 3293 imperator,
1367 3225 1539 3281 matrilestem
1560 3224 1731 3281 Constantini

81 3293 208 3349 Seuerum
226 3296 359 3365 deceptum
381 3298 505 3352 custodire
518 3296 633 3363 tradidit,
647 3307 672 3351 er
685 3295 776 3365 captivi
795 3295 883 3349 babitu
934 3300 961 3344 ut
982 3292 1088 3349 Faustae
1112 3296 1218 3364 trupiias
1235 3297 1372 3367 aliquante
1390 3305 1512 3366 ternpore
1526 3305 1589 3352 arete
1609 3311 1731 3352 mensem

81 3364 106 3418 in
119 3366 212 3420 urbem
227 3368 361 3435 perducit,
377 3378 401 3423 et
411 3369 438 3422 in
451 3370 514 3423 oilla
526 3367 628 3431 prrilica
648 3367 739 3437 Appiis
753 3366 800 3419 uiae
809 3365 883 3419 trice·
933 3363 1114 3432 septembrem
1127 3368 1189 3421 arrrri
1201 3366 1256 3423 50¹1
1268 3369 1374 3425 cctiisse.
1387 3365 1416 3424 Si
1430 3379 1502 3423 certa
1517 3377 1611 3423 essent
1620 3383 1681 3437 quae
1694 3366 1732 3424 de

80 3437 145 3490 sinna
159 3438 283 3492 milliario
297 3440 420 3494 custodiri
434 3440 503 3509 {ecia
517 3437 611 3493 Postea
620 3454 679 3492 carm
693 3436 810 3491 Galerius
826 3434 882 3493 lta·
932 3430 1101 3491 Constantini
1117 3438 1198 3493 initiis
1220 3438 1347 3495 dicuntur
1363 3456 1378 3511 a
1395 3440 1427 3494 ll.
1444 3439 1475 3494 P.
1490 3439 1571 3495 Perre
1591 3439 1637 3495 Fr.
1652 3437 1730 3494 cutt-

81 3505 140 3561 lienr
154 3517 259 3577 peteret,
273 3511 318 3565 iiie
324 3510 460 3585 jaquintus
468 3520 515 3575 est,
527 3523 551 3566 et
561 3508 653 3564 deinde
662 3510 758 3563 rebius
769 3508 803 3562 ud
814 3516 883 3563 ocia·
933 3504 1007 3560 lletie
1022 3507 1049 3561 in
1077 3509 1148 3564 tretis
1170 3510 1204 3565 ad
1229 3509 1352 3582 vigilium
1375 3511 1563 3581 Tapsensem,
1587 3525 1639 3566 non
1661 3526 1731 3583 opes

80 3594 138 3633 enni
147 3581 311 3647 editionum,
323 3582 439 3637 corrditus
449 3582 476 3637 iu
487 3579 589 3636 Galieui
599 3588 768 3635 murimonte.
780 3580 817 3634 lix
829 3596 882 3647 quo
933 3588 1005 3633 esset
1019 3594 1050 3634 ea
1066 3578 1236 3651 inquisitione
1245 3581 1271 3636 in
1283 3599 1334 3653 qua
1345 3598 1395 3638 nos
1407 3584 1535 3639 baeteaes
1545 3581 1727 3639 exercninms.

82 3652 141 3706 loce
165 3652 220 3706 call
257 3654 277 3706 ιι
302 3654 434 3709 ilenricus
453 3652 576 3709 Valesius
604 3652 659 3707 iarlli
674 3651 830 3719 Cecropium
854 3662 882 3709 ec
934 3647 1042 3705 lseeim
1058 3651 1196 3707 contendit
1221 3655 1327 3721 nuptias
1340 3652 1509 3711 Constantini
1531 3670 1592 3710 cern
1609 3653 1729 3723 Fausta,

81 3666 384 3790 naretraaeituoroa,
399 3726 443 3795 qeri
466 3728 595 3781 Severum
609 3722 745 3778 ιιιιιιιιιιιι
762 3722 881 3779 occisum
933 3730 960 3775 ct
972 3721 1076 3777 initium
1090 3734 1210 3793 augnsue
1221 3722 1361 3795 diguitatis
1376 3727 1404 3781 iu
1420 3742 1483 3782 eam
1497 3726 1628 3783 cellaaeu
1643 3725 1729 3780 ιιιιι-

81 3794 289 3850 csscscrilmut.
311 3794 882 3867 lieiocoigiternbiSenescendumlini·
933 3793 1024 3846 etiarm
1058 3808 1175 3858 socero,
1203 3798 1326 3853 arcense
1352 3797 1370 3853 8
1396 3797 1504 3855 kalend.
1533 3798 1637 3867 augrtsti
1665 3796 1730 3853 anni

81 3870 116 3919 ιιι
137 3868 351 3923 controvertitur
374 3868 446 3923 inter
464 3866 593 3923 erardites
614 3866 680 3922 Nem
699 3864 828 3937 Scaliger,
854 3867 881 3922 in
932 3862 1251 3928 romanarumque
1271 3872 1500 3941 auctoritateque
1522 3868 1731 3925 Constantinum

81 3938 360 3994 anirumlverslonllms
373 3940 406 3997 ad
420 3938 577 4005 Eusebimn,
601 3941 639 3995 ait
651 3936 836 3993 ιιιιιιιιιιιιιιιιιΙ
851 3952 881 3994 se
932 3936 1027 3991 scribit
1048 3938 1134 4006 prime
1154 3938 1288 3995 Caesarem
1304 3941 1403 3996 lactum
1417 3940 1550 3997 aGalerio
1565 3955 1636 3994 ιιιιιο
1653 3939 1728 4007 505,

81 4010 145 4078 quin
164 4009 218 4064 illae
233 4010 302 4067 Tres
328 4012 448 4067 tabernas
461 4012 488 4066 in
502 4026 566 4081 agee
589 4008 744 4065 llaverrnatc
769 4007 879 4077 luerlrtt,
932 4003 962 4059 8·
978 4005 1077 4063 karlend
1091 4012 1211 4080 augusti,
1231 4021 1258 4067 et
1270 4028 1378 4067 rersrun
1404 4012 1537 4067 Caesarem
1564 4011 1731 4066 deciaratum

82 4096 169 4155 aeqrre
189 4082 267 4137 aliter
281 4083 369 4153 colligi
384 4098 464 4151 pinse
489 4098 525 4138 ex
538 4082 629 4137 verbis
647 4080 759 4137 Zezirni.
779 4080 881 4138 Conna
932 4076 950 4131 8
975 4077 1105 4135 kalendas
1123 4083 1228 4151 augusti
1254 4083 1317 4137 ιιιιιι
1340 4083 1414 4149 abb,
1441 4082 1589 4138 secundnm
1623 4079 1729 4136 obitum

83 4150 205 4207 Valesius
232 4156 371 4209 contendit
384 4154 451 4210 'ires
474 4155 533 4209 illas
548 4154 673 4209 tabernas
700 4152 782 4206 luisse
797 4152 823 4207 iu
837 4152 880 4207 vie
934 4149 1027 4217 putris.
1054 4152 1107 4207 Sed
1130 4155 1190 4219 quie
1207 4152 1265 4208 lime
1278 4170 1292 4207 a
1306 4154 1524 4209 vireclarissimo
1545 4167 1598 4205 een
1613 4150 1729 4220 proban-

82 4222 166 4293 appa
182 4240 264 4296 prope
278 4226 401 4283 Romam.
417 4214 515 4282 Partim
529 4236 619 4280 aetem
635 4223 773 4294 probabile
798 4234 841 4279 est
853 4224 880 4279 ivl
932 4226 995 4300 ter,
1020 4225 1173 4279 necessaria
1187 4223 1235 4278 ιιιιι
1247 4240 1278 4279 ea
1292 4240 1355 4281 cera
1368 4266 1377 4291 ,
1391 4240 1470 4293 ιιιιιιιι
1487 4240 1535 4279 uos
1556 4220 1730 4279 adbibuiums

82 4296 151 4363 qaae
161 4296 320 4367 Sigoniesin
334 4300 403 4353 libre
416 4298 535 4355 secundo
546 4296 580 4352 cle
591 4295 755 4351 occidentali
768 4294 880 4363 irnperio
933 4290 958 4345 iu
972 4294 1158 4362 investigando
1173 4305 1293 4363 terrepore
1304 4297 1415 4350 istarum
1434 4296 1598 4367 nuptiarum.

82 4367 191 4437 collegit
202 4384 236 4423 ex
249 4368 369 4437 Zozime,
386 4368 514 4425 Seuerum
537 4367 687 4422 llarimiaui
703 4365 783 4423 iidem
803 4380 881 4421 seeo·
967 4361 1019 4416 lile
1032 4366 1137 4420 interea.
1154 4366 1278 4421 Galerius
1293 4366 1477 4421 Manirrriauns.
1493 4364 1626 4421 caracam
1642 4372 1729 4420 tetum

83 4440 276 4497 turnellavenua
288 4442 448 4505 excessisse,
463 4450 544 4511 atque
554 4439 587 4494 ad
598 4438 665 4493 Tres
681 4436 805 4493 tabernas
819 4452 880 4492 sese
932 4431 1004 4487 ltotrc
1027 4447 1184 4502 aripennum
1202 4434 1303 4491 Galerii
1319 4442 1359 4493 sle
1373 4440 1464 4505 paucis
1485 4436 1639 4508 perstringit
1651 4434 1728 4490 zont-

82 4511 236 4575 cmuolisse,
254 4513 324 4568 Ιιιιιιι
348 4512 430 4570 dorbia
452 4528 499 4573 spe
523 4511 633 4567 ductum
649 4508 742 4563 urbem
757 4524 786 4563 sc
799 4506 880 4564 blaxi-
932 4520 1014 4560 ttttts:
1039 4504 1105 4560 Cum
1118 4517 1204 4564 autem
1229 4508 1406 4563 liaxineianus
1427 4508 1546 4565 Galerius
1566 4510 1636 4563 iraud
1654 4522 1729 4577 uque

82 4582 161 4636 miani
173 4598 253 4652 opera
265 4593 446 4655 recepturum.
462 4584 547 4653 Qrtarn
560 4579 660 4653 Sigenii
674 4580 827 4648 opinionem
840 4596 880 4635 sc·
931 4576 1029 4631 tortines
1042 4581 1127 4632 animo
1140 4596 1198 4649 quare
1211 4581 1238 4633 in
1253 4579 1374 4635 Seuerum
1387 4578 1515 4635 Crosarern
1527 4580 1660 4648 designata
1671 4583 1729 4649 pue·

82 4662 158 4707 cettts
181 4666 221 4709 est
245 4655 425 4729 Hieronymus
450 4656 557 4711 ilubcus
572 4657 599 4709 in
618 4652 687 4708 libre
701 4650 821 4709 secerrde
834 4650 880 4709 tti-
932 4656 1005 4713 rant,
1020 4652 1052 4703 ai
1068 4648 1171 4705 Oriente
1184 4650 1294 4707 thttttttt
1315 4651 1427 4707 medum
1446 4654 1548 4718 millii·
1565 4661 1588 4706 ti
1602 4651 1729 4705 stillim·

82 4734 146 4776 stpr.
164 4724 358 4783 {ravennarum
932 4734 989 4799 paru
1002 4721 1105 4775 normue
1118 4724 1222 4779 meritus
1247 4721 1378 4778 iloueruie
1398 4740 1487 4794 peenas
1510 4723 1674 4793 irrepandas.
1692 4720 1729 4777 br

124 4794 197 4849 Verris
209 4799 305 4853 irrcisis.
318 4799 419 4854 Contra
428 4798 551 4853 zozimus
566 4797 601 4851 lib
610 4812 640 4863 u,
654 4805 682 4851 et
694 4806 788 4851 arrctor
801 4794 880 4867 Frag·
931 4804 957 4842 ιη
973 4788 1078 4846 littit'oot
1091 4794 1235 4863 appulerat.
1252 4810 1343 4863 potum
1356 4794 1422 4859 fidos
1436 4813 1496 4867 erga
1509 4813 1536 4851 se
1548 4795 1660 4849 militurn
1673 4792 1729 4873 aui·

83 4878 164 4921 aternu
181 4869 387 4924 eeeoasuauo
408 4870 509 4924 cratero
523 4869 662 4933 scribant,
680 4878 708 4922 at
723 4868 801 4937 paeto
816 4880 879 4923 anm
933 4865 1294 4930 arrasammaaaeerunea
1309 4866 1383 4919 natta
1396 4863 1725 4944 coaaaosssapaottoredar.

83 4938 204 5005 vidiunts,
219 4940 348 4997 Seuerum
361 4940 451 4996 baetis
462 4940 557 5011 laqueo
570 4940 720 4996 cervicibus
728 4939 876 5009 expirasse.
967 4932 1100 5005 Populum
1112 4938 1298 4991 trucidaturus.
1316 4934 1364 4990 Fra
1386 4949 1504 4993 tractuum
1519 4939 1554 4993 de
1567 4935 1726 5013 Cerretanum

930 5000 1050 5067 Clrlere.
1074 5024 1135 5078 pag.
1154 5008 1207 5064 tra
1221 5026 1230 5066 ι
1244 5006 1344 5063 Dehinc
1360 4952 1478 5063 Coranus
1500 5025 1560 5063 curn
1581 5010 1725 5077 inpensius

358 5050 471 5109 CAPUT
489 5050 595 5107 mn·
929 5077 1010 5145 copiis
1026 5076 1135 5133 Renum
1159 5081 1243 5145 verrit,
1268 5080 1380 5135 priuatus
1402 5080 1509 5134 ciuitatis
1530 5080 1678 5140 interitum,
1701 5086 1727 5131 et

117 5144 243 5219 aldjurecte
269 5144 422 5199 badarino.
444 5144 628 5215 Cegrtomente
642 5143 706 5200 Daie
726 5144 767 5201 vel
788 5146 875 5216 beza,
928 5158 1014 5202 costra
1029 5147 1184 5205 interamne
1196 5151 1231 5204 ad
1252 5148 1365 5205 Tiberim
1377 5150 1473 5219 posuis.
1491 5148 1562 5203 Ttrrrc
1575 5150 1670 5219 legates
1690 5147 1726 5201 nd

83 5218 126 5283 qui
141 5214 278 5271 idrierrtem
292 5216 507 5271 advrtinistrabat.
865 5278 869 5285 ,
927 5220 1015 5277 urbem
1024 5220 1092 5275 arisit
1104 5218 1230 5276 Licinium
1237 5231 1261 5277 ct
1268 5220 1393 5289 Probum,
1404 5239 1449 5291 per
1460 5221 1615 5289 colloquium
1626 5228 1724 5289 prinu,

120 5286 296 5356 l'repeiscitur
310 5288 337 5343 iu
351 5286 474 5343 Galliam.
493 5287 558 5343 liuic
572 5288 718 5344 narrationi
734 5286 811 5343 lirlern
827 5288 874 5343 ad·
927 5300 955 5343 ut
969 5291 1131 5359 1ιιιιιιιιιιιιιι
1145 5310 1260 5347 socerum
1272 5286 1283 5359 ,'
1295 5294 1322 5347 id
1333 5302 1386 5359 est,
1408 5293 1554 5347 dloxeatius
1564 5292 1634 5363 apud
1647 5288 1725 5344 Gaia-

84 5360 161 5411 stam
180 5360 257 5413 etiam
273 5358 412 5426 Zezituns,
430 5364 517 5413 tamen
536 5360 586 5414 elsi
600 5361 626 5413 in
641 5374 729 5415 rerum
743 5369 815 5415 erret
829 5376 874 5414 or·
926 5361 991 5415 riarn
1006 5364 1122 5430 precibus
1137 5366 1217 5435 atomis
1231 5381 1310 5436 quarn
1334 5366 1413 5418 errius
1444 5372 1534 5434 epieto
1556 5372 1722 5417 aurearum.

83 5430 145 5484 dine
172 5432 375 5495 narrandarum,
395 5431 546 5485 ilerceiimu
575 5430 699 5500 inquiens
713 5446 746 5485 ee
774 5442 873 5487 certate
927 5429 979 5495 Qui
1001 5443 1160 5505 coarteruptus
1184 5438 1286 5505 eqnooit
1309 5435 1441 5502 promissis
1466 5436 1581 5488 uirorum
1599 5433 1725 5488 Maxentii

84 5499 253 5567 trusa-atam,
273 5518 326 5572 que
341 5502 532 5557 iliocletianem
551 5499 706 5569 pertrahere
723 5502 797 5557 nisus
813 5514 871 5557 erat
924 5513 1011 5569 pientes
1037 5522 1098 5559 suas
1112 5506 1262 5562 deseruisse.
1284 5504 1382 5570 Quibus
1403 5506 1568 5575 perturbatus
1588 5517 1657 5561 retro
1669 5520 1724 5559 uer-

83 5571 114 5624 ad
142 5574 329 5627 restruendam
356 5574 512 5641 imperium,
538 5586 644 5627 rursum
668 5588 762 5629 vereris
788 5575 871 5644 Alpes
923 5588 968 5627 sus
981 5583 1034 5640 est,·
1047 5585 1081 5643 ct,
1095 5586 1123 5631 ut
1138 5577 1213 5632 militi
1227 5593 1275 5632 suo
1287 5577 1404 5647 predone
1422 5592 1610 5644 cummunione
1622 5578 1724 5647 conper-

84 5644 260 5709 eentendisse,
275 5655 303 5698 ut
317 5655 529 5701 ecnrtrmorantem
543 5644 578 5699 ibi
589 5642 795 5701 Corrstantinem
806 5662 871 5701 eou—
923 5654 976 5709 ret,
992 5646 1137 5716 paroemiuia
1143 5648 1224 5721 jussio
1236 5649 1345 5718 auferri.
1361 5648 1429 5715 Quid
1448 5646 1499 5703 sibi
1514 5648 1580 5704 velie
1594 5648 1647 5703 bec
1661 5651 1723 5703 lece

85 5716 199 5777 veniret,
214 5723 240 5768 et
255 5716 334 5769 liliam
349 5715 374 5769 ei
390 5714 513 5770 Fartstam
527 5715 693 5785 proruisisse,
710 5731 796 5787 eoque
808 5732 870 5787 pro·
923 5730 974 5770 vos
989 5718 1142 5786 pernimium,
1158 5722 1264 5775 nescire
1278 5736 1310 5774 se
1327 5718 1426 5774 latetur
1439 5718 1571 5773 lletrricos
1585 5718 1719 5788 Valesius,

83 5786 163 5839 uusse
177 5786 295 5853 implete,
310 5786 402 5841 ialicre
413 5800 536 5843 curtatum
552 5788 697 5842 betorinum.
717 5786 812 5853 Etru,
829 5787 870 5841 in-
923 5798 950 5841 ct
965 5788 1060 5844 deesse
1073 5790 1132 5845 licie
1143 5790 1272 5844 rrrtmmlla
1288 5800 1378 5859 preren,
1404 5806 1464 5856 trtius
1479 5789 1513 5845 etl
1527 5790 1721 5847 biersiruiannm

80 5870 173 5925 qnmu,
198 5856 328 5917 zrruirues.
348 5859 426 5927 Νιιιι,
439 5875 472 5917 cx
493 5860 579 5932 eapite
594 5858 628 5913 “li
648 5870 675 5915 et
689 5858 724 5914 ‘lb
739 5858 870 5919 Lactautii
923 5858 1079 5925 llerculimn
1097 5862 1275 5933 perprrebant.
1301 5861 1356 5931 ligo
1379 5859 1468 5932 potiris
1487 5863 1718 5947 egisrirnprecitn,
