4017 6350
274 391 326 448 'llll
965 369 1067 430 eleut
1086 367 1215 428 subola
1857 363 1896 419 tit

272 513 377 564 rerunt.
391 501 458 560 item
471 497 554 567 Gale,
570 493 652 552 Allis.
676 490 763 550 Aliter
798 489 942 564 cuperus,
957 488 1070 546 Colum·
1084 490 1184 553 Acuta
1198 480 1558 556 proximedeserlbendum,
1571 481 1706 553 sparseio
1720 479 1813 549 vulqus
1824 494 1896 534 rursu

274 578 337 635 hus,
1123 573 1168 624 re,
1184 571 1269 613 noros
1284 570 1315 611 ea
1329 554 1374 610 diu
1396 555 1518 611 Caesares
1539 563 1660 610 creatum
1672 552 1717 608 iri.
1732 553 1816 621 etque
1829 567 1896 605 enne

312 647 375 702 llisi
395 645 429 700 od
454 639 651 699 Maximianum.
677 633 796 694 subaudi
820 631 973 692 llereulium
992 673 1000 699 ,
1027 630 1071 688 rel
1122 629 1184 694 bic,
1198 638 1227 683 ut
1239 626 1302 683 alibi
1316 626 1431 696 sepius,
1446 634 1509 682 suut
1521 626 1635 699 plerique
1656 639 1747 680 omues
1760 637 1771 678 .·
1784 621 1896 693 nisiquol

274 733 386 783 senem,
398 731 458 772 curn
472 710 674 782 interpretibus.
1123 715 1196 757 nunc
1208 698 1395 769 intelliguntur
1410 696 1532 769 plerique
1544 713 1639 754 omues
1659 710 1757 752 eorum
1771 695 1815 765 qui
1828 696 1895 748 eomi-

312 788 347 846 Ut
368 788 399 843 rl
419 803 449 842 eo
470 785 603 840 induatur.
627 778 788 845 luvenalis,
806 777 965 833 violatorem
984 776 1069 831 induit
1124 773 1249 827 labantur
1263 769 1420 842 principes,
1444 778 1472 826 et
1485 768 1547 826 illos
1559 785 1609 837 co,
1623 784 1677 840 quo
1692 765 1852 839 pergebant,
1863 763 1899 821 de·

273 876 349 918 uuor.
365 858 451 916 Guus.
467 887 504 900 -·
515 853 700 921 Castrumque
714 847 1074 922 tricopussunt,peteudae
1123 842 1269 900 ducebant.

273 931 398 998 Balttmo,
413 931 519 998 Cupero
531 938 559 982 et
571 921 713 981 Colrrmbo.
1160 914 1242 969 Nullo
1256 923 1309 969 mul
1334 911 1469 967 dubitatio.
1494 911 1564 978 Quin
1592 909 1700 968 scilicet
1723 907 1897 965 Constantinus

311 1001 454 1059 Ostendens
479 999 582 1056 linium
610 994 662 1063 Qui
683 1005 747 1049 lunc
770 991 851 1064 iqitur
880 993 939 1063 ipsc
965 1005 1073 1062 quoque
1123 985 1201 1042 lieret
1217 987 1324 1051 Casan
1339 984 1410 1056 quod
1425 983 1631 1040 nortrmnimiue
1658 980 1806 1038 breuitatis
1829 993 1902 1035 esen·

273 1080 486 1148 praesenserat,
502 1064 817 1131 etsubeorumoeulis,
833 1063 1073 1120 sinoumanibus.
1124 1057 1198 1142 plum
1212 1057 1239 1111 in
1267 1055 1320 1112 lroc
1342 1058 1495 1125 scriptore,
1520 1064 1649 1123 recteque
1669 1053 1744 1110 adeo
1758 1051 1904 1107 stemmati

310 1144 416 1202 Dmunt.
431 1143 558 1200 Aurelius
569 1139 660 1194 lictor
674 1155 682 1193 ι
696 1155 707 1189 ι
723 1134 824 1192 Sorure
837 1134 1001 1190 Armentarii
1022 1148 1072 1204 qe·
1125 1127 1331 1198 tnterpretibus.
1348 1125 1481 1182 Personae
1501 1143 1534 1182 ne
1560 1126 1659 1182 domuit
1671 1130 1708 1180 de
1720 1141 1769 1180 son
1790 1121 1903 1177 sermm

274 1218 356 1285 nitus,
372 1229 493 1287 ueroque
504 1213 614 1268 norrtlue
630 1222 694 1264 aute
706 1207 848 1279 imperium
865 1207 933 1262 [laza
948 1205 1071 1261 dictust
1124 1200 1275 1256 llaucmtu.
1288 1227 1326 1240 -
1336 1196 1392 1252 Not
1404 1197 1528 1270 doubunq
1542 1197 1587 1254 lut
1612 1199 1655 1254 tlte
1677 1195 1839 1253 nominatior
1854 1202 1905 1248 nuo

274 1289 348 1346 Edit.
364 1288 453 1345 Onon.
467 1283 581 1342 etCant.
594 1281 670 1337 Adde
685 1279 821 1336 Balrrzium
843 1288 871 1334 et
883 1277 1055 1333 Columbum.
1126 1273 1173 1344 sall
1189 1288 1222 1326 on
1235 1271 1299 1325 tim.
1316 1268 1439 1325 Tralatio
1450 1273 1567 1342 aurqlica.

311 1360 501 1416 Adulescentes
537 1354 672 1427 quemdam
709 1349 922 1406 aenuilurlrnrum.
960 1347 1077 1404 Inclinat
1161 1341 1269 1398 Priores
1289 1341 1410 1396 ιιιιιίιιιιιι.
1423 1340 1491 1404 lma,
1507 1341 1768 1407 primoresmilitm,
1794 1347 1823 1394 ιιι
1840 1339 1908 1408 capte

273 1434 389 1490 multum
404 1429 509 1486 animus
519 1468 527 1493 ,
538 1435 568 1482 ut
582 1423 709 1488 credam,
732 1423 862 1491 scriptum
881 1419 970 1490 potius
992 1418 1076 1476 luisse
1125 1414 1158 1470 sl
1175 1456 1182 1481 ,
1198 1414 1324 1487 ριίιιινιι
1335 1414 1411 1469 etium
1425 1412 1572 1478 mutuum,
1588 1420 1642 1470 etc.
1656 1412 1726 1469 Gale
1738 1410 1907 1468 etculuulns

275 1514 402 1559 atrostro
417 1519 423 1556 :
439 1519 448 1552 ι
465 1492 822 1564 Adulescentemquemdam
834 1491 1073 1548 semitractatam.»
1165 1483 1247 1540 Estru
1271 1484 1407 1540 ciuitatem.
1442 1484 1526 1540 Extra
1548 1483 1749 1541 Nicomediam.
1776 1482 1908 1539 liuurroioi

275 1573 339 1632 Noti
352 1572 479 1630 barbatuli
489 1573 596 1646 juvenes
609 1563 750 1622 Ciceronis
763 1567 790 1619 ln
810 1561 933 1628 epistulis
955 1562 988 1618 ad
1002 1562 1075 1618 stul·
1126 1557 1217 1612 enaim
1231 1555 1309 1624 Quod
1324 1555 1423 1627 Papius
1435 1554 1534 1611 llrmat.

276 1661 360 1709 curn,
384 1655 412 1700 et
435 1643 572 1700 distinctio
595 1637 758 1693 barbatorum
787 1650 803 1690 a
836 1633 979 1689 imbutulia
1004 1631 1076 1702 apud
1163 1627 1198 1683 ln
1208 1629 1281 1698 eujus
1292 1643 1393 1683 suntme
1404 1626 1581 1682 llaaimianua
1592 1628 1649 1698 ipse
1661 1643 1807 1700 marum
1816 1643 1910 1698 rumpu-

275 1717 402 1774 eumdem
425 1719 452 1770 in
481 1713 602 1770 oratioue
626 1724 674 1781 pro
696 1706 793 1764 Coelio.
815 1707 971 1762 Adulescens
985 1715 1076 1761 autem
1128 1710 1179 1754 rot.
1196 1698 1225 1755 ld
1248 1706 1313 1766 est,
1342 1697 1520 1755 llaximianus
1547 1697 1706 1767 Herculius,
1733 1697 1781 1770 qui
1802 1698 1910 1769 usqued

276 1802 327 1862 pro
337 1787 501 1857 adolescens,
517 1781 635 1842 occurrit
658 1780 757 1852 saepius
773 1777 801 1834 iu
823 1777 954 1834 Veterum
979 1790 1077 1831 monu-
1128 1785 1229 1826 annum
1243 1769 1309 1835 286,
1322 1767 1415 1825 Cesar
1427 1769 1532 1837 lucrat,
1558 1779 1587 1828 et
1603 1785 1637 1826 eo
1659 1785 1753 1838 anno,
1781 1785 1864 1825 rerum
1876 1785 1911 1841 pu

277 1861 387 1917 mentis.
1091 1841 1262 1941 ΒΙιΙριιιιιιιι
1286 1841 1447 1898 rreeesstute
1465 1841 1605 1913 exigente,
1632 1845 1775 1914 bouquetus
1794 1841 1912 1910 strnue

313 1931 495 1988 lluuiminum.
512 1923 578 1982 lide
597 1922 736 1980 Bulrmium
749 1962 757 1989 ,
771 1917 805 1977 ad
814 1923 929 1994 jusserat
951 1916 1077 1974 llum'mi-
1131 1914 1269 1968 tetburntta
1293 1921 1427 1982 potestate
1449 1923 1614 1980 exornatus,
1630 1923 1659 1968 ut
1670 1929 1707 1970 ιι
1734 1913 1850 1984 antiquis
1862 1913 1913 1984 lapi·

276 2019 338 2060 nuru
353 2018 362 2068 ,·
375 2005 439 2058 item
454 2000 487 2056 nd
501 1995 636 2054 ostendens
646 1994 750 2049 Dolum.
1128 1983 1208 2040 dibus
1215 1992 1331 2040 constat.
1347 1983 1430 2039 Facta
1442 2000 1472 2039 ea
1484 1985 1647 2054 nuncupatio
1659 1984 1705 2040 die
1725 1983 1846 2040 kalendis
1857 1987 1912 2057 apri

311 2075 403 2130 lomet
414 2072 476 2144 ipsi.
488 2066 661 2140 Leqerrdum:
677 2064 747 2120 Num
760 2072 784 2118 et
794 2061 949 2136 epuletur.
960 2089 996 2101 -
1009 2059 1077 2117 item
1129 2054 1181 2124 lis,
1198 2065 1227 2110 ut
1239 2057 1266 2110 in
1282 2053 1369 2110 Fastis
1383 2054 1464 2112 idacii
1480 2055 1588 2126 legitur,
1605 2055 1685 2128 idque
1708 2056 1867 2112 Nicomedia
1878 2072 1913 2112 er·

277 2144 523 2204 reverendissimus
537 2140 682 2210 episcopus
695 2133 924 2198 sarisberiensis,
941 2141 970 2186 ut
980 2148 1013 2186 ιι
1028 2132 1079 2188 bac
1130 2135 1171 2182 tra
1184 2128 1322 2182 civitatem
1335 2126 1368 2180 ad
1383 2126 1468 2183 millia
1481 2128 1538 2184 lere
1560 2127 1631 2193 trin,
1647 2140 1676 2184 ut
1699 2143 1754 2184 nes
1768 2127 1846 2183 docet
1864 2127 1914 2182 lae·

277 2218 352 2274 inqu,
367 2215 493 2272 versione
512 2219 638 2282 apparet.
654 2206 709 2262 For
721 2205 883 2274 lliooletien,
898 2215 951 2261 etc.
967 2203 1001 2258 ad
1018 2219 1079 2260 rer·
1129 2199 1247 2260 tarutius.
1264 2197 1333 2252 libro
1343 2198 1378 2254 de
1396 2197 1528 2254 llrrmibus
1543 2198 1716 2255 Persecutor.
1734 2199 1824 2268 eapite
1834 2199 1914 2264 liubi

277 2290 362 2346 bum:
377 2286 448 2341 llum
460 2293 485 2340 et
496 2283 546 2352 ipsi
560 2280 746 2335 llioeletinnua.
1129 2269 1165 2325 de
1178 2269 1348 2325 abdicatione
1375 2269 1534 2325 llioelctiaui
1561 2281 1588 2325 ιι
1613 2270 1738 2340 ejusdem
1755 2270 1868 2328 Herculii
1885 2270 1914 2324 le

318 2357 419 2415 Nomen
432 2371 465 2411 eo
478 2361 552 2427 perte
571 2359 712 2406 soutouerut
726 2347 838 2403 bominis
859 2363 947 2402 ιαιιια.
974 2343 1080 2415 ueqrr-
1130 2356 1234 2412 quens,
1249 2341 1287 2395 ait
1303 2357 1310 2394 :
1327 2359 1338 2393 ι
1356 2339 1421 2396 lirut
1441 2341 1517 2396 locus
1541 2341 1612 2396 altus
1637 2354 1715 2398 extra
1740 2344 1871 2398 ciuitatem
1890 2343 1914 2400 sl

280 2432 344 2490 dum
361 2449 368 2487 ε
383 2427 572 2484 outiniaoousn.
587 2421 661 2478 Edit.
676 2421 763 2476 Oxou.
778 2417 905 2485 elcana,
920 2431 986 2489 quas
1001 2431 1080 2472 seeu-
1130 2412 1215 2467 millia
1244 2412 1300 2468 lere
1317 2412 1384 2480 trin,
1401 2415 1426 2466 in
1441 2412 1519 2482 cujus
1545 2427 1653 2469 summo
1673 2413 1853 2470 lloximianus
1871 2415 1914 2482 ipse

280 2516 325 2560 rus
346 2510 388 2558 ese
414 2498 525 2556 (luleus.
540 2492 662 2549 -Loco
683 2492 779 2547 borum
798 2489 953 2554 verborum,
969 2488 1080 2543 luminis
1131 2498 1278 2556 purpuram
1291 2493 1463 2552 surripuerat,
1478 2494 1532 2540 ete.
1549 2504 1559 2536 r
1577 2483 1666 2556 Prope
1685 2484 1867 2543 Nicomediam
1878 2488 1915 2541 qu.

279 2590 378 2640 causo,
407 2569 548 2642 legendum
566 2581 626 2622 cum
650 2563 769 2620 editione
802 2561 962 2632 anglicana,
987 2561 1080 2614 ominis
1131 2570 1184 2624 quc
1206 2570 1238 2610 ea
1261 2556 1424 2626 nuncupatio
1449 2556 1535 2620 lacta,
1563 2565 1612 2622 ut,
1636 2566 1785 2628 antequam
1812 2558 1914 2616 liberie

280 2662 366 2702 ceusu.
382 2642 472 2711 Quare
500 2655 534 2697 ex
558 2639 608 2693 luae
632 2632 841 2700 emendatione,
856 2647 915 2702 quae
928 2631 1080 2687 certissima
1132 2624 1266 2681 ilortilrus
1293 2623 1500 2684 Persecutorum
1527 2628 1614 2684 lucem
1639 2628 1774 2696 vidisset,
1790 2630 1914 2702 collegerat

279 2729 342 2784 est,
361 2715 508 2776 disciturus,
524 2708 737 2773 Diocletianum,
753 2704 861 2774 quaudo
875 2702 1013 2759 Galerltnn
1027 2700 1081 2757 Ar·
1131 2698 1299 2753 clarissimus
1314 2696 1436 2754 Norisius
1450 2714 1484 2755 es
1511 2699 1529 2753 Ι.
1547 2700 1575 2764 s,
1604 2697 1643 2754 lle
1665 2700 1721 2769 fide
1747 2701 1913 2756 instrenuus.

279 2783 593 2847 mentaritttnbucuune
614 2779 669 2835 292
696 2776 831 2833 Cesarem
856 2773 1080 2838 retruutiurit,ei
1133 2766 1294 2824 Nicoruedioe
1321 2769 1356 2825 li
1386 2768 1510 2826 luterum
1538 2771 1681 2843 tumuerim
1704 2771 1825 2828 Hammo
1847 2783 1915 2842 ιι,ιι

280 2875 381 2918 nomeu
397 2872 430 2913 ιι
446 2864 522 2926 purte
550 2861 688 2913 multasse,
704 2862 819 2917 eumque
843 2845 981 2902 Galerium
998 2843 1082 2900 liaui-
1131 2840 1253 2911 Aquilino
1267 2839 1340 2897 :buc
1365 2856 1462 2911 nempe
1481 2857 1554 2897 anno
1577 2841 1634 2898 286
1658 2859 1714 2915 quo
1743 2844 1915 2900 Maximianum

281 2934 402 2988 mianum
418 2927 526 2992 laureto,
541 2936 570 2980 ut
580 2922 631 2978 sibi
646 2920 798 2984 sitiebatur,
812 2915 1002 2974 otninevocari
1017 2931 1083 2987 prm·
1132 2909 1262 2966 kalendas
1281 2911 1375 2981 aprilis
1391 2912 1574 2969 Diocletianus
1587 2913 1756 2973 Nicomediae
1770 2915 1799 2971 iu
1814 2916 1915 2973 ilibemis

281 3003 403 3072 cepisse,
417 2999 479 3071 quia
501 2993 654 3052 llaaimiaui
677 2999 857 3062 eoqrromento
874 2988 992 3043 llerculii
1012 3001 1077 3058 erga
1133 2997 1261 3046 moruus,
1277 2997 1309 3039 uc
1336 2983 1436 3040 bellum
1461 2984 1592 3041 aduersus
1619 2984 1717 3044 Persas
1746 2987 1844 3045 ibidem
1854 2990 1916 3045 arlu-

281 3091 312 3132 se
331 3073 397 3130 lides
422 3081 558 3140 utrrrquam
581 3063 728 3122 deiecerat.
751 3061 811 3129 Quo
836 3060 965 3129 exemplo
990 3070 1082 3114 motus
1134 3069 1202 3109 uaros
1233 3052 1384 3125 Augustum
1408 3057 1581 3113 renuntiarit.
1609 3056 1729 3128 Paetus,
1756 3061 1792 3114 ud
1812 3059 1914 3115 autin

281 3145 407 3205 Galerius
431 3138 610 3197 Maximianus
633 3151 704 3191 anuto
730 3132 795 3196 ollii,
809 3145 863 3203 quo
883 3132 975 3187 lislam
989 3127 1083 3186 Cusa-
1132 3123 1197 3186 286.
1214 3141 1286 3183 num.
1301 3125 1330 3183 ι.

283 3234 340 3275 rem
353 3216 439 3279 dixit,
454 3211 517 3269 lruic
528 3226 562 3265 ιι
577 3219 633 3265 ιοιο
649 3220 746 3262 nornen
770 3204 902 3271 ιιιιιιιιίι,
917 3215 1035 3273 euntque
1047 3200 1083 3257 (le
1170 3196 1417 3269 Muoinuiuuusipse.
1432 3198 1461 3254 ld
1476 3209 1533 3267 est,
1551 3201 1751 3260 iruuentorius.
1762 3204 1835 3261 Edit.
1846 3203 1914 3261 beru.

282 3304 333 3345 suo
346 3288 455 3344 nomine
468 3282 606 3340 Galerium
630 3276 803 3335 birrximiuurn
829 3276 960 3345 appellari
985 3273 1081 3328 uoluit.
1097 3274 1120 3338 C
1135 3279 1163 3325 et
1176 3268 1254 3324 Catu.
1268 3269 1334 3338 Quae
1359 3270 1471 3341 proinde
1499 3287 1552 3327 non
1574 3272 1769 3331 Maximianum
1783 3276 1916 3333 llereuliutt

283 3357 491 3418 Galeriuscnim
512 3353 772 3409 Maximinussorore
792 3343 1085 3419 Amnentoriiproqeni-
1138 3356 1199 3395 curu
1226 3341 1309 3411 Pagro
1332 3350 1361 3397 et
1389 3341 1515 3410 Norisio,
1542 3344 1589 3401 sed
1621 3343 1762 3403 Galerium
1788 3364 1847 3403 eum
1857 3347 1915 3403 ilat·

284 3441 338 3496 tus,
350 3445 408 3485 uero
430 3427 533 3481 nomine
546 3434 605 3478 oute
624 3424 760 3495 imperium
787 3419 860 3473 dena
882 3417 983 3482 dietus,
998 3416 1086 3488 iuquit
1137 3411 1455 3469 erutriotruellexeruru.
1476 3414 1558 3479 llide,
1579 3423 1609 3471 ut
1623 3417 1707 3473 nostri
1722 3420 1915 3491 breviloquentia

285 3502 379 3559 Victor
398 3500 424 3555 in
444 3500 575 3567 epitome.
591 3492 710 3563 ludcque
726 3490 836 3557 lactum,
851 3498 881 3545 ut
903 3503 953 3544 nee
973 3491 1088 3543 truten-
1138 3483 1259 3539 cruditos
1271 3486 1297 3538 iu
1322 3486 1474 3542 corurarias
1486 3497 1576 3557 partes
1589 3491 1693 3559 egerit3
1709 3506 1846 3563 quamque
1864 3491 1915 3547 adeo

286 3570 518 3638 tarii,uecllaz:u
534 3558 1086 3630 nominaintramnis,inscriptionibus,
1139 3556 1264 3610 uerescri
1317 3557 1352 3611 rit
1365 3556 1616 3614 lleratiuszlireoio
1628 3564 1915 3629 essetquamquam
1971 3583 1972 3588 ¹

287 3643 428 3701 ceterisve
458 3636 637 3693 monumentis
661 3634 777 3707 publicis
806 3646 923 3701 uuquam
949 3632 1083 3700 legantur.
1139 3628 1185 3694 po.
1203 3627 1231 3679 ln
1279 3627 1409 3682 aucruixii
1427 3643 1523 3685 revera
1546 3629 1688 3686 tralatione
1708 3648 1746 3689 ne
1770 3632 1917 3705 nomenqu-

288 3710 544 3779 sternendarum
554 3704 650 3762 Clurirti
658 3704 723 3770 ιιι,
732 3718 803 3756 rrum.
817 3702 846 3767 ι,
858 3712 882 3757 et
891 3702 954 3761 sot.
971 3717 1043 3755 num.
1057 3702 1085 3758 5.
1139 3697 1201 3752 detur
1211 3696 1364 3754 Maximiani
1375 3700 1504 3767 cernitur,
1522 3716 1614 3757 terum
1633 3703 1712 3758 urtica
1740 3703 1837 3760 Galerii
1846 3704 1916 3777 appel-

325 3785 394 3853 Qmu
407 3780 593 3837 dominianus.
620 3775 722 3843 Nempe
738 3774 889 3829 llerculius.
914 3772 1026 3837 Pactus,
1053 3772 1089 3826 ud
1139 3767 1214 3824 latio.
1229 3770 1270 3823 Aa
1284 3770 1345 3825 lsuut
1360 3770 1391 3825 de
1402 3770 1512 3843 laquelle
1526 3770 1645 3830 Galerius
1656 3775 1726 3829 aurit
1740 3778 1783 3832 ere
1799 3775 1915 3833 emm,

286 3871 383 3913 uenum
404 3852 499 3911 Cltristi
512 3850 580 3915 stit,
601 3863 672 3902 num.
697 3846 724 3902 b.
747 3874 784 3885 -
807 3843 876 3913 Quia
902 3842 1087 3899 damnemus.
1140 3838 1167 3894 lu
1180 3856 1299 3913 pourpre.

286 3926 458 3998 Forteque
484 3920 660 3985 summme,
685 3928 739 3973 etc.
756 3915 943 3972 erueremus.
1178 3910 1336 3982 Purpurnm.
1359 3911 1458 3981 lidiieit
1477 3914 1566 3970 oemio
1579 3916 1701 3988 anglica,
1726 3920 1914 3992 imperatoriam

325 3998 482 4055 Tuoidrris.
513 3992 641 4050 Formula
672 3986 880 4059 irnprobautiutn
906 3984 1018 4057 aliquid.
1045 3984 1089 4041 Nil
1142 3981 1185 4037 tlte
1208 3984 1326 4053 imperial
1370 3983 1456 4055 urple,
1482 3984 1540 4041 sire
1563 4001 1598 4043 eo
1624 3998 1729 4045 tantum
1750 3993 1916 4057 consilio,rt

290 4070 458 4141 frequentius
470 4066 540 4138 apud
553 4059 754 4121 Tertullianum
765 4066 793 4115 et
807 4058 886 4131 liujus
901 4056 995 4116 seculi
1003 4057 1090 4129 scrip
1142 4054 1188 4110 bic
1199 4055 1251 4111 loci
1275 4054 1310 4111 de
1359 4056 1462 4112 erculio
1476 4056 1637 4114 llrrxlrnluuo
1661 4061 1825 4130 irrupenrore
1835 4076 1916 4120 uereq-

271 4153 374 4200 ·tores.
388 4141 514 4198 Touutus.
663 4204 669 4217 Ι
720 4203 726 4216 ,
1143 4140 1205 4181 nem
1219 4141 1280 4209 esse
1294 4125 1490 4193 sciamus,non
1503 4127 1539 4184 de
1557 4128 1666 4187 Galerio
1677 4132 1914 4192 baxlutemlass

327 4212 477 4270 doramerit.
493 4208 599 4274 Potius,
615 4203 747 4262 aactdmtt.
758 4201 846 4261 (inus.
1143 4212 1194 4265 rc;
1209 4212 1268 4253 stre
1279 4198 1358 4253 simul
1374 4198 1474 4268 aliquid
1488 4198 1650 4259 discriminis
1665 4207 1793 4274 ponendo
1806 4207 1870 4263 inter
1879 4208 1915 4261 int·

1144 4277 1300 4340 peraturum
1310 4283 1456 4341 purpuram
1469 4310 1477 4338 ,
1491 4281 1519 4326 ct
1530 4287 1674 4343 purpuram
1687 4277 1836 4334 Caesarum.

294 4360 308 4413 i
585 4344 699 4405 curbo
714 4344 786 4401 xlx.
1145 4411 1152 4425 .
1179 4338 1244 4396 (irum
1256 4338 1329 4395 dosia
1351 4344 1434 4412 aiqno.
1449 4341 1479 4397 lu
1491 4353 1548 4407 est,
1563 4361 1623 4400 eum
1649 4344 1723 4403 iussu
1744 4360 1837 4405 umen.
1849 4346 1916 4405 lube

1145 4421 1328 4483 interpretes,
1342 4411 1467 4480 aquibus
1480 4416 1577 4471 merito
1589 4432 1643 4473 non
1657 4420 1728 4475 alius
1740 4420 1797 4477 abit
1808 4419 1915 4491 euque

333 4486 500 4556 l'rooedltur,
514 4495 567 4543 ιιι.
584 4484 640 4541 linc
654 4491 717 4548 est,
732 4496 793 4538 com
809 4495 905 4553 magna
932 4492 1047 4550 pompa,
1065 4485 1094 4535 et
1181 4480 1276 4538 Coneio
1291 4482 1581 4555 militumconoocotur,
1595 4488 1676 4557 inquit
1701 4506 1780 4547 sem
1819 4489 1915 4548 auen.

296 4562 406 4635 quales,
421 4560 495 4615 serbi
508 4559 611 4629 qratia,
627 4558 654 4611 iu
665 4554 806 4635 consulum
820 4552 994 4636 processibus
1015 4565 1093 4619 spec·
1145 4569 1194 4611 cus
1210 4556 1319 4611 indubie
1332 4556 1494 4618 nreuuosus.
1510 4560 1624 4630 eteujus
1643 4564 1778 4619 correctio
1789 4534 1916 4630 ’multiplci

296 4634 347 4688 tari
367 4632 505 4691 solt-bunt,
533 4629 658 4683 exierunt
690 4624 843 4680 Nicomedia
870 4624 1092 4678 lltocletlnnusct
1147 4627 1569 4686 rationearirisdoctisteutata
1603 4642 1633 4688 ut
1658 4631 1915 4691 nrrstrumoqqeqq.

296 4704 419 4762 Galerius
430 4700 604 4757 ilarioniauus
625 4697 711 4769 prium
726 4696 769 4750 die
784 4692 975 4761 mrtii,uersus
991 4671 1260 4759 immunimus:
1578 4671 1587 4698 '
1971 4657 1973 4738 Ι

296 4778 399 4845 dequo
419 4766 797 4839 rtrusuosterpustputrerula.
822 4762 1090 4832 Conlerliuperum,
1179 4766 1651 4829 connumeruurrourocarur.1u
1670 4791 1724 4845 qua
1743 4776 1916 4834 „mme-
1971 4743 1973 4820 Ι

296 4849 329 4903 ad
343 4845 486 4920 procederet
500 4841 601 4895 consul.
614 4837 774 4898 Proceditur,
786 4836 1000 4908 proprooedunt3
1018 4836 1093 4903 prin·
1143 4842 1238 4912 muntii
1250 4839 1391 4912 alloquitur
1404 4841 1506 4897 milites.
1521 4844 1592 4898 Edit.
1607 4845 1751 4905 Aboensis.
1764 4880 1801 4891 -
1811 4849 1915 4906 ΰιιιιιιι
1971 4823 1972 4870 Ι

297 4923 371 4991 cipes
385 4930 481 4987 tterrrpe
497 4912 576 4968 ntrrdu
601 4910 731 4965 uomiuuti
758 4921 819 4963 curn
844 4908 910 4961 suis.
937 4907 982 4961 Sic
1006 4904 1033 4960 in
1048 4920 1093 4961 se·
1144 4923 1196 4965 tur.
1211 4910 1600 4986 Recipiurnusrurrrturrqur'r.
1615 4917 1770 4987 Alloquitur.
1786 4926 1913 4991 anonymus
1971 4877 1973 4966 Ι

297 4990 459 5059 «ruentibus,
476 4983 514 5039 Eo
525 4982 649 5066 perquer,
663 4997 711 5053 pru
723 4996 752 5033 eo
764 4978 973 5052 porqueresirnttt
990 4991 1090 5045 seusu;
1145 4984 1178 5037 ad
1190 4981 1250 5039 Col.
1265 4983 1483 5039 -Couoocmum
1496 4984 1637 5060 Consurqil
1646 5006 1725 5045 aenea
1737 5009 1795 5047 curru
1804 4989 1915 5063 turquiq
1971 4975 1972 5024 ἶ

297 5072 324 5119 ιι
338 5064 388 5117 sub
402 5058 482 5114 linem
496 5067 605 5123 capros,
623 5051 688 5106 Tum
701 5050 869 5114 dureruditur,
888 5063 935 5118 pro
949 5046 1016 5103 Tum
1034 5049 1093 5103 des·
1145 5055 1294 5125 alloquitur.
1307 5054 1433 5111 Teucrus.
1447 5085 1483 5095 -
1503 5054 1670 5128 Consecutus,
1693 5062 1777 5135 iuquit
1794 5072 1914 5120 mus
1971 5067 1973 5141 q

299 5134 407 5188 reludunt
423 5148 429 5183 ι
445 5130 542 5199 quibus
568 5125 619 5180 alia
636 5124 717 5178 multa
741 5131 849 5187 possent
862 5122 950 5187 adiici.
967 5149 1004 5160 -
1025 5118 1093 5175 Tout
1146 5125 1277 5196 leerqruir.
1289 5125 1445 5196 Alloquitur.
1459 5126 1546 5184 Gutus.
1971 5143 1973 5190 q

299 5202 477 5265 sturton-ete,
498 5198 522 5253 le
533 5195 642 5279 prender
654 5192 746 5277 demeti
761 5191 813 5246 loo
828 5208 859 5273 en
869 5192 922 5247 rint
941 5191 964 5275 ιίΙ
984 5191 1095 5248 desecu-
1182 5196 1271 5266 lnquit
1283 5213 1369 5253 aeneo.
1385 5200 1435 5253 ultr
1447 5197 1585 5270 (nimirum
1594 5201 1912 5279 sustentamentum,
1971 5197 1973 5248 Ι

300 5279 363 5331 tion.
380 5275 530 5351 llrucuotx.
547 5268 628 5336 Quasi
640 5265 729 5331 ducas,
746 5264 817 5333 quod
833 5276 868 5318 ua
881 5272 1094 5345 constituerant,
1146 5268 1412 5326 srlltcerconcioneg
1429 5270 1476 5325 ,qq
1501 5272 1614 5329 „mum
1641 5277 1791 5359 „wdetun
1802 5274 1912 5334 dam

299 5344 420 5403 inlettdis
442 5356 519 5397 tutatts
542 5342 574 5395 ad
599 5354 657 5393 rem
678 5336 857 5392 coutulerunt.
883 5364 919 5375 -
945 5334 988 5389 ott
1009 5335 1094 5405 tlanqs
1148 5339 1530 5410 tur‚utiuarratiopostulut.
1550 5345 1622 5417 Lege
1649 5347 1729 5418 igqquq
1759 5350 1913 5419 compen.

301 5410 594 5489 lurrqruusrourerurt
614 5409 799 5472 insererem
821 5406 1096 5489 tbepirotolmaqtbia
1148 5428 1206 5467 rure.
1221 5410 1347 5467 Teucrus.
1361 5442 1398 5452 —
1412 5414 1463 5480 Qui
1485 5414 1573 5484 aliter,
1585 5420 1683 5487 eredo,
1699 5389 1914 5491 prosternimus
1971 5443 1972 5446 ,

299 5503 370 5562 preat
385 5486 463 5555 alluit·
473 5498 543 5539 come
554 5494 578 5536 to
598 5480 628 5535 be
640 5476 768 5534 declared.
784 5476 875 5531 Versto
889 5479 1002 5544 nnqlrca.
1019 5476 1059 5533 lle
1072 5491 1096 5531 st
1148 5482 1271 5538 utilimum
1282 5481 1466 5551 corrjeeturunr
1482 5488 1602 5545 vidisset.
1971 5451 1973 5506 Ι

301 5578 374 5618 trane
389 5558 550 5617 latiuasiut,
566 5567 700 5623 quaecum
721 5563 754 5631 ea
778 5546 1002 5604 rutlouesecretu
1017 5562 1097 5603 cuns·
1185 5552 1658 5622 uttrqrrouruuururuue.Portus
1690 5559 1913 5634 alloquiturnililot,
1971 5514 1973 5604 Ι

303 5635 380 5691 tituta
394 5629 525 5696 luissent,
540 5623 663 5680 kalendis
682 5631 867 5690 mans-aperte
881 5633 913 5675 ac
928 5618 1015 5689 palam
1029 5619 1099 5674 lacta
1150 5640 1177 5679 ae
1187 5626 1329 5680 irrrutiuum
1338 5643 1429 5682 ease...
1443 5626 1568 5684 Gete-
1580 5604 1676 5687 l'osita’
1689 5634 1830 5708 ceteroqui
1853 5639 1914 5703 quant
1971 5615 1972 5638 Ι

302 5715 375 5761 suun.
402 5702 522 5769 Quorum
545 5710 673 5753 sensuum
700 5705 797 5749 vereor
816 5690 894 5747 ualde
919 5699 948 5746 ut
969 5690 1101 5748 alteruter
1150 5699 1503 5780 nuncu-presentabamus,
1519 5674 1886 5778 distinctionepostbnqma.

305 5776 391 5853 possit
405 5772 520 5852 ill-ltm-
669 5836 675 5848 ,
918 5833 924 5845 Ι
1186 5768 1312 5839 Ιιιᾳιιιιιιι
1336 5780 1395 5841 post
1416 5770 1516 5827 labores
1541 5784 1634 5843 petere.
1664 5775 1831 5846 Elegantius,
1852 5780 1912 5845 polo,

340 5847 534 5902 Couotmruuurn
557 5852 643 5893 omnes
665 5835 837 5893 intuebuntur.
865 5830 895 5889 ln
918 5846 976 5903 tpso
1003 5849 1101 5906 nempe
1152 5838 1262 5907 luisset,
1278 5840 1442 5909 aerequiem,
1456 5852 1509 5899 ete.
1529 5844 1678 5918 llirumque
1693 5848 1721 5905 ni
1735 5851 1912 5917 rteapeur
1971 5839 1973 5896 l

305 5928 448 5999 processu,
462 5910 514 5968 boc
526 5918 578 5978 est,
593 5910 657 5965 dum
672 5909 724 5966 iter
742 5907 833 5965 adbuc
855 5904 1002 5964 baberetur
1014 5904 1042 5963 in
1057 5906 1100 5965 lo·
1152 5926 1196 5969 uta
1210 5911 1388 5984 precedentis
1397 5913 1472 5971 rucis
1484 5916 1588 5988 syllaba
1601 5916 1681 5977 luerit
1691 5920 1847 5996 absorptum.
1971 5899 1972 5922 Ι
