4017 6350
289 293 342 355 tau
1013 274 1228 338 rennuunt.
1454 239 1460 251 ’
1873 270 1911 330 cn

291 412 362 471 drini
373 408 498 469 chronici
513 413 607 465 auctor
620 402 699 461 nobis
712 400 767 458 cito
780 406 916 467 occurret,
931 394 976 471 qui
989 394 1093 468 scripto
1106 396 1133 457 Α
1145 392 1220 465 plum
1229 388 1356 461 concreti
1367 386 1485 445 Diuersa
1494 383 1619 458 proiecto
1629 379 1913 442 cuntomttnrunrne-
1963 387 1964 450 l

291 505 352 563 hmo
366 504 502 578 prodidit:
518 498 637 557 Galerius
651 494 843 563 marinianus,
865 490 1009 565 legendum
1028 488 1093 545 Dio·
1146 503 1206 545 rum
1222 485 1299 543 eade
1311 500 1342 541 ce
1352 480 1629 557 opinioum.Quidam
1642 480 1721 537 enim
1734 494 1780 537 eas
1790 479 1914 538 christiane
1963 483 1964 526 t

291 598 446 669 cletianus,
460 610 528 667 oque
540 594 665 648 intercute
678 588 779 668 ὕδρωπι
793 584 882 661 δεινῷ,
898 582 1009 656 probiter
1022 578 1097 635 icio-
1147 578 1272 653 religioni
1281 572 1915 642 nomenreveradedissearbitrantuerioiooea
1963 585 1964 604 ¹

291 706 364 757 rans,
380 690 502 755 Solonis;
515 686 612 745 Suitlas
625 698 691 741 tero
709 681 744 739 tie
763 679 860 739 eodem
883 675 1052 733 Diocletiano
1069 679 1099 729 ct
1147 680 1238 730 antem
1261 686 1338 729 suam
1360 669 1476 727 stabiliri
1499 683 1580 740 posse
1602 664 1815 725 existimabis
1824 665 1915 731 Erebi,

292 782 456 841 Maximiano
469 781 528 854 eius
540 793 661 854 genero:
677 774 795 853 (Suidm
814 773 849 828 nd
863 788 887 827 o.
903 765 1098 839 conducturum)
1148 767 1270 836 tametm,
1284 765 1325 823 nti
1337 766 1430 838 plures
1451 764 1588 832 latentur,
1610 758 1815 819 obscurioribus
1834 762 1916 817 umbi:

290 884 338 939 ilai
356 880 369 937 ὁ
385 882 430 955 μὶν
446 880 543 955 Ισφὰγη
562 878 672 939 ὑπὸτῆς
685 873 850 949 συγκλήτου,
866 867 879 925 ὁ
898 866 926 923 δὲ
945 866 1096 939 ἀπήγξατο,
1147 864 1178 919 Τί
1190 861 1363 939 διῖπιρὶτῶν
1374 862 1443 917 κατὰ
1455 861 1517 921 τοὺς
1527 859 1679 932 βασιλικοὺς
1700 855 1782 930 lipsa
1797 852 1876 921 ἅπας,
1889 861 1919 912 nri

291 974 362 1031 Nam
371 974 436 1029 citer
446 970 549 1042 quidem
562 969 686 1027 uSenctrt
694 966 831 1039 inputatur
842 961 909 1034 suit:
920 958 986 1015 ulter
1000 971 1059 1011 nero
1070 969 1098 1010 ce
1147 962 1199 1014 τῶν
1211 960 1292 1013 πᾶσιν
1303 952 1450 1032 ἀρχόντων,
1464 951 1488 1008 oi
1496 959 1551 1014 τοῖς
1563 953 1659 1013 οἰκείοις
1672 951 1711 1011 εἰς
1719 948 1850 1027 πρόσωπον
1857 948 1920 1024 iniat

290 1067 347 1140 ipsc
358 1063 539 1138 ctrcnpulcoit.
554 1060 609 1121 Sed
629 1058 700 1117 unde
713 1057 772 1113 bec
787 1054 833 1112 illc
847 1048 1020 1115 delibaverit,
1036 1061 1099 1103 cum
1149 1050 1208 1123 Deip
1221 1048 1469 1124 ncipncmtcpisore
1479 1047 1544 1122 lips»
1561 1067 1589 1102 rr
1603 1044 1708 1121 accip
1720 1046 1881 1119 mszon,
1890 1068 1921 1115 pa

291 1160 400 1235 penitus
420 1158 517 1227 sileat,
539 1154 614 1213 dictu
634 1166 701 1210 sane
720 1147 909 1207 dilllcillimum
931 1150 985 1199 est.
1002 1138 1100 1198 uuunr
1149 1148 1251 1213 μιταῖς,
1271 1141 1316 1196 rori
1338 1141 1425 1207 ccccl,
1445 1140 1490 1194 acl
1510 1138 1628 1203 cidem,
1647 1138 1842 1209 μωωωχῑηῑ
1856 1137 1922 1209 '‘dff’·

291 1262 382 1311 autem
397 1250 514 1309 liccilius
530 1257 625 1305 noster
639 1244 751 1318 propius
765 1242 799 1298 ad
817 1254 929 1304 verum,
952 1248 1033 1308 quam
1054 1228 1101 1288 alii
1151 1237 1254 1309 χᾱσθω
1278 1236 1323 1290 tut
1343 1241 1377 1309 τῇ
1400 1232 1538 1308 „adduam
1558 1238 1607 1293 τῆς
1626 1231 1748 1291 ‚2th
1772 1229 1922 1306 ἕψω,

291 1346 452 1415 accesserit,
475 1343 592 1400 aliorum
616 1348 674 1397 esto
695 1336 838 1412 iodicium.
862 1332 918 1389 ilos
936 1326 1044 1385 interim
1066 1322 1102 1380 etl
1151 1326 1307 1401 οῢςὶξόχως
1326 1325 1474 1399 καὶμᾶλλον
1494 1332 1545 1381 τῶν
1567 1322 1783 1401 ademtam
1801 1320 1924 1385 inedium

292 1456 343 1510 ea,
359 1454 420 1513 qum
434 1436 481 1495 ille
494 1436 529 1493 de
544 1436 634 1492 Prisca
649 1430 771 1505 ejusdem
785 1421 946 1484 Diocletiani
960 1432 1057 1486 uxore,
1073 1422 1104 1473 et
1152 1418 1342 1495 dpmroDuae
1353 1418 1394 1473 sic
1406 1418 1602 1489 interpretatur
1614 1414 1766 1473 Valesius:
1781 1434 1793 1467 r
1808 1413 1868 1483 Quid
1877 1430 1923 1485 opu

293 1530 401 1591 Valeria
415 1530 475 1605 eius
489 1528 543 1588 tilia
559 1532 667 1595 narrat,
683 1519 851 1583 enucleanria
867 1514 1056 1577 transibimus.
1153 1521 1196 1570 cst
1207 1511 1300 1569 (licere
1314 1510 1411 1578 dolis,
1425 1513 1473 1584 qni
1486 1508 1514 1565 iu
1524 1508 1728 1581 imperatorum
1740 1506 1845 1579 palatiis
1857 1522 1924 1562 rcrsa-

1153 1603 1264 1673 bantur,
1275 1602 1340 1674 quid
1355 1600 1390 1659 tle
1404 1600 1617 1674 imperatoribus
1630 1599 1720 1672 ipsisi
1737 1598 1789 1668 Qui
1801 1598 1925 1657 dometicis

600 1706 716 1765 catut
736 1703 782 1762 tx.
1154 1691 1926 1767 suls,corumqueuxoribus,liberisacscrtisenquani·

336 1878 377 1937 Dc
390 1878 546 1937 Diocletiani
560 1890 640 1935 amore
655 1874 759 1943 Priscu,
774 1882 798 1929 ct
813 1870 869 1945 filia
880 1869 937 1944 ciat
955 1864 1071 1925 lutum.
1115 1816 1141 1879 B
1154 1783 1861 1955 {¹1:2¹3,sfffaexmffpggbgpmmefflzez
1862 1799 1927 1948 ἓξ

1153 1976 1190 2035 ob
1206 1976 1278 2035 banc
1291 1976 1357 2033 iidei
1371 1991 1429 2033 sue
1441 1974 1595 2033 libertatem
1606 1972 1724 2047 gloriari
1736 1987 1771 2030 ac
1782 1988 1812 2031 se
1823 1983 1926 2031 ostmtrre

1152 2070 1352 2144 unodrmnodo
1372 2069 1570 2142 permittentes,
1586 2082 1692 2141 cosque
1705 2083 1766 2140 prae
1777 2069 1874 2124 metens
1887 2082 1927 2120 nn

1153 2166 1234 2223 nibus
1245 2166 1379 2223 ministris
1389 2164 1528 2236 praecipuo
1539 2162 1655 2235 numan
1667 2178 1769 2221 amore
1777 2163 1926 2234 compleuer-

1154 2268 1217 2319 tesr
1230 2258 1292 2317 Suis
1303 2266 1394 2315 autem
1408 2258 1436 2314 iu
1451 2256 1739 2315 animaduersionibus
1748 2257 1928 2315 Valeriorum

568 2023 718 2098 sericatus
731 2050 836 2094 antuus.

296 2199 382 2267 Quum
395 2214 456 2255 roro
473 2198 586 2267 Priscu,
600 2208 625 2255 ct
639 2198 758 2271 frequens
777 2196 886 2253 inierim
899 2193 971 2267 apud
984 2191 1104 2265 antiquos

331 2306 453 2353 auctores
463 2294 575 2363 mentio;
590 2305 676 2351 utrum
686 2292 768 2349 norim
778 2290 944 2347 ebriationem
953 2287 1104 2361 religionem

332 2390 532 2465 mmmmm„
1154 2353 1365 2424 stopltorsonum
1383 2352 1488 2423 arcuit,
1513 2351 1559 2424 nui
1574 2366 1695 2425 precum
1718 2365 1819 2409 nomen
1836 2360 1927 2426 papatu,-

1154 2447 1188 2504 do
1205 2447 1402 2519 imperatorum
1418 2442 1549 2503 uxoribus
1568 2444 1771 2519 interpretatus
1788 2452 1838 2501 est.
1857 2444 1927 2501 intro

331 2546 417 2617 Quam
428 2560 501 2621 sepe
512 2546 547 2603 ab
562 2545 681 2619 antiquis
693 2540 983 2611 auctoribusiaierlae,
993 2539 1103 2598 Diocle·
1153 2543 1263 2617 quentia
1284 2542 1418 2616 siccinem
1436 2541 1547 2601 Eusebii
1566 2542 1648 2601 rerba
1661 2542 1731 2601 braic
1745 2542 1836 2601 sensui
1849 2542 1926 2615 periret

297 2640 364 2698 tiani
377 2640 450 2707 illm,
466 2647 521 2696 tarn
535 2654 599 2696 raro
611 2640 704 2697 uxoris
716 2638 775 2710 ejus
790 2637 891 2694 Priscm
914 2634 1018 2693 mentio
1033 2632 1104 2691 lacta
1156 2651 1310 2708 repugnare
1321 2635 1373 2709 ipsi
1387 2635 1525 2693 ridentur.

296 2742 349 2791 est.
362 2731 592 2805 scimusquidcm
608 2731 690 2803 buius
711 2730 884 2803 imperatoris
906 2726 1051 2801 conjugem
1075 2725 1103 2783 in
1190 2730 1371 2802 Sedutrauue
1379 2730 1517 2788 etlalesii
1527 2738 1557 2787 et
1566 2729 1814 2805 christophorsoni
1826 2731 1927 2802 interme
1963 2745 1964 2754 ¹

296 2826 624 2899 quibusdamsanctorum
634 2825 861 2895 dctisserenam,
876 2824 903 2882 in
916 2821 1104 2881 aliisblexan·
1155 2821 1223 2880 tatio
1247 2821 1386 2879 'loiuardo
1408 2821 1521 2879 liberior
1544 2823 1602 2879 risa
1614 2828 1667 2891 est,
1690 2839 1835 2897 praesum
1847 2820 1925 2879 Eusebi

297 2918 376 2977 elram
394 2920 497 2977 vocari.
521 2919 577 2978 Sed
599 2919 658 2976 bec
668 2922 737 2978 dcta
752 2933 803 2976 nec
816 2932 878 2975 uera
892 2916 953 2989 iure
967 2932 1033 2973 sane
1047 2928 1105 2973 me·
1155 2915 1239 2974 rerba
1249 2915 1290 2972 sio
1303 2915 1388 2972 latino
1399 2914 1537 2972 reddenda
1553 2930 1616 2973 esse
1627 2914 1777 2988 opinatur:
1788 2915 1870 2985 corii
1880 2926 1925 2985 opu

297 3010 350 3067 rito
364 3008 503 3079 ridentur,
526 3026 577 3068 nec
601 3011 717 3068 sincera.
739 3009 767 3066 ln
788 3009 872 3082 pestis
886 3018 1017 3081 praeterea
1033 3010 1105 3079 pon·¹
1155 3008 1191 3066 tle
1205 3009 1239 3067 iis
1250 3008 1361 3075 dicere,
1375 3008 1459 3080 quiin
1472 3006 1668 3080 Imperatorum
1682 3008 1894 3072 crnntdomibus,
1908 3012 1926 3063 ct

297 3102 452 3175 titlealibos,
463 3104 498 3161 ab
508 3103 652 3161 drususto
665 3103 754 3174 editis,
767 3102 920 3176 appellatur
934 3098 1103 3169 llleutberia,
1156 3101 1205 3171 iis,
1228 3100 1275 3174 qui
1297 3101 1424 3159 omnibus
1444 3100 1629 3174 impertienti
1643 3100 1697 3171 Qtti
1711 3102 1772 3160 suis
1785 3117 1867 3160 coram
1877 3100 1925 3157 nim

297 3207 325 3254 et
336 3199 365 3254 in
377 3198 563 3256 uetustissimo
578 3212 672 3255 eorum
687 3197 781 3256 codice
791 3195 952 3254 beutbercs.
963 3193 1033 3251 Atitl
1044 3193 1140 3277 sulec
1155 3210 1214 3252 rem
1227 3196 1346 3252 divinam
1368 3205 1397 3252 et
1418 3209 1547 3252 scrmonc
1560 3202 1588 3252 et
1612 3195 1724 3254 uiuendi
1746 3198 1849 3254 ratione
1867 3195 1926 3250 libert

297 3290 427 3350 horumce
456 3299 597 3364 postorum
629 3291 771 3363 scriptoris
806 3289 963 3347 testimonio
994 3288 1102 3344 nititur.
1156 3305 1218 3348 sese
1235 3305 1333 3362 gerere
1346 3289 1483 3356 sinebant,
1498 3289 1795 3359 uxoribusetliberis,
1812 3285 1926 3348 etlanrl't

298 3385 391 3442 Prisca
419 3399 501 3458 porro
521 3401 536 3442 a
557 3385 660 3443 Cecilio
682 3395 776 3443 nostro
800 3385 1029 3458 cognominetur:
1053 3380 1105 3440 sed
1155 3393 1260 3440 tantum
1271 3401 1336 3453 non,
1350 3393 1379 3442 ct
1389 3383 1501 3456 gloriari
1517 3399 1601 3458 snper
1615 3384 1701 3443 libera
1715 3381 1925 3458 prolessioncilri

299 3486 390 3535 utrum
403 3477 501 3549 potiori
509 3477 584 3550 juro,
598 3493 685 3552 eaque
698 3478 820 3550 pluribus
831 3478 987 3535 nominibus
998 3491 1104 3534 nuncu·
1155 3479 1354 3552 permittentes,
1365 3495 1433 3552 quos
1443 3480 1553 3548 eximie,
1568 3487 1660 3551 etprm
1670 3482 1776 3538 ceteris
1786 3495 1871 3540 eorum
1881 3493 1925 3536 cot·

297 3577 361 3640 pata
376 3569 422 3638 sit,
437 3568 473 3625 ab
485 3569 546 3626 aliis
557 3570 752 3628 eruditioribus
767 3571 881 3628 libenter
895 3569 1049 3628 audiemus.
1154 3574 1243 3631 seruis
1264 3579 1393 3644 acceptos
1418 3572 1565 3632 habebant.
1585 3594 1595 3629 r
1609 3572 1762 3633 Contendit
1774 3583 1858 3631 autern
1868 3585 1924 3628 tua·

334 3664 469 3722 Ceterum
481 3665 664 3723 Diocletianus
676 3680 708 3723 ox
725 3679 809 3722 uxore
822 3679 871 3722 sua
887 3663 969 3722 iliam
983 3663 1105 3738 suscepit
1154 3668 1249 3726 bulum
1258 3666 1826 3743 niernuibiesse,quasigenericum,quorl
1832 3671 1923 3746 papiria

301 3753 454 3827 Valeriam,
477 3772 559 3829 quam
570 3757 599 3814 in
612 3757 826 3826 matrimonium,
843 3765 874 3814 ut
887 3757 957 3814 inira
974 3756 1104 3814 ostenda·
1155 3762 1263 3831 παῖδας,
1277 3764 1425 3832 etoiaiccr,
1436 3779 1541 3834 scores,
1557 3764 1651 3821 lilcrcc
1664 3772 1694 3821 et
1710 3765 1825 3838 fmulos
1838 3765 1923 3832 impeta

298 3867 375 3925 mus,
390 3853 536 3912 collocarit
547 3853 711 3912 lleximiano
721 3852 849 3922 Galerio,
865 3868 928 3909 curu
942 3853 1031 3925 ipsum
1041 3850 1105 3909 Ge·
1156 3865 1245 3915 torum
1258 3857 1457 3929 complectitor.
1473 3856 1540 3915 inde
1552 3858 1634 3930 igitur
1646 3859 1791 3918 concludit
1801 3858 1925 3916 tuscan
1961 3844 1962 3883 ³

298 3963 400 4018 sarem,
410 3948 572 4022 imperiique
581 3948 623 4005 sui
634 3947 737 4004 socium
749 3946 824 4004 lecit.
837 3947 887 4004 ilio
898 3960 964 4003 uero
973 3946 1064 4011 caesis,
1075 3953 1107 4001 ut
1157 3947 1290 4007 Valeriam
1305 3948 1391 4008 luisse
1404 3949 1576 4008 christianas.
1587 3951 1752 4010 Cotrbmrari
1766 3954 1924 4022 aomnpoet

271 4101 276 4116 ,
299 4043 396 4101 scribit
410 4043 537 4100 burellus
549 4041 643 4099 Victor
656 4041 759 4116 (dcccl.
778 4039 845 4097 Vict.
860 4039 894 4097 dc
906 4039 1003 4098 Cursor.
1020 4038 1106 4096 altirlc
1156 4040 1215 4099 bano
1228 4043 1420 4115 interpretatio
1438 4046 1599 4104 auctoritate
1613 4045 1718 4115 liuilni,
1739 4042 1923 4121 praecribit-
1961 4048 1962 4137 p

300 4133 441 4208 Armeno),
459 4134 623 4192 immanibus
637 4134 731 4207 spiris,
747 4149 779 4191 ac
792 4133 929 4202 Peltuum,
945 4133 1017 4205 apud
1032 4134 1104 4190 Pan·
1156 4135 1224 4193 sebii
1237 4136 1320 4193 rerba
1333 4138 1373 4194 sic
1383 4137 1468 4195 latine
1479 4138 1823 4214 explicanticartlliqaaoti
1835 4155 1863 4195 et
1873 4134 1923 4208 ptit·
1961 4140 1962 4143 ’

299 4229 398 4288 nooios
411 4227 473 4284 lucu
488 4229 516 4284 in
529 4228 681 4286 Danubium
703 4227 842 4296 immisso,
872 4226 1039 4300 provinciam
1053 4242 1105 4284 no·
1155 4228 1262 4303 cipibus
1285 4231 1435 4302 Romanis,
1458 4233 1637 4307 conjugibus,
1658 4249 1692 4292 ec
1714 4235 1856 4300 ministris,
1869 4238 1923 4301 stre

300 4325 373 4378 mine
388 4321 485 4378 uxoris
499 4337 555 4379 sue
567 4321 704 4380 Valeriam
718 4323 806 4379 voluit
819 4335 986 4392 nuncupare.
1000 4320 1105 4378 Sudra-
1156 4325 1292 4382 universe
1306 4324 1487 4396 domuisse,
1511 4343 1566 4384 non
1582 4327 1671 4384 solum
1692 4328 1844 4387 credcrcir
1857 4319 1922 4380 Dottt'·

300 4421 380 4484 gatur
392 4413 454 4470 ltuic
464 4414 586 4485 opinioni
602 4413 761 4471 Ammianus
773 4413 946 4472 Marcellinus
960 4413 1104 4486 (dormian.
1156 4434 1221 4476 num
1235 4418 1464 4479 nostrumlesnm
1477 4418 1634 4490 Christum,
1657 4438 1752 4481 uerum
1768 4410 1922 4480 etcumoou‘
1960 4420 1961 4437 ³

303 4505 438 4576 Marcell,
449 4507 494 4563 tit.
505 4522 563 4575 xrs,
580 4524 638 4581 cop.
653 4509 709 4583 ll),
724 4509 768 4581 qui
784 4509 882 4566 litteris
895 4506 1034 4566 mandarit
1044 4523 1104 4566 cant
1156 4514 1254 4572 liducia
1268 4529 1301 4571 ac
1311 4512 1439 4572 libertate
1452 4515 1480 4572 in
1494 4515 1550 4574 lde
1563 4530 1647 4588 agore
1659 4516 1795 4574 sinebant.
1812 4534 1821 4569 r
1838 4509 1920 4585 (litim

302 4597 469 4669 prouinciam
481 4599 522 4655 sic
536 4598 621 4656 luisse
634 4603 853 4673 cognominatam
868 4602 894 4658 in
909 4601 1027 4660 valerie
1040 4602 1105 4660 Dio·
1118 4607 1147 4670 D
1158 4606 1206 4664 lii.
1220 4623 1278 4676 rtur,
1294 4623 1354 4677 cop.
1368 4606 1408 4679 i.)
1960 4620 1961 4639 i

302 4693 411 4752 cletiani
425 4693 487 4749 ttttae
500 4692 643 4752 bonorem.
663 4695 760 4752 Exstat
778 4711 862 4768 porro
872 4696 900 4752 in
910 4695 1107 4770 gazophylacio
1193 4699 1230 4759 dt
1245 4699 1370 4772 Cuperus
1384 4707 1460 4772 putat
1481 4699 1523 4758 bis
1542 4700 1653 4759 umenti
1676 4702 1792 4760 verbis:
1814 4700 1851 4757 tri
1866 4698 1921 4752 circ
1960 4668 1961 4695 ¹

301 4788 377 4861 regio
388 4787 458 4845 istud
470 4802 503 4844 ex
517 4803 572 4846 erc
582 4788 693 4846 secundi
704 4790 805 4846 moduli
815 4789 962 4858 numisma,
977 4791 1050 4861 quod
1060 4805 1108 4848 ao-
1158 4792 1291 4871 dpxisru,
1304 4807 1359 4848 non
1369 4791 1560 4864 imperatores,
1574 4803 1621 4851 aut
1630 4797 1742 4869 eosqui
1751 4795 1921 4860 omnibusne·

303 4888 410 4956 ceptum
426 4881 569 4940 referimus
579 4883 766 4940 amantissimo
777 4883 864 4940 sodali
875 4885 1107 4942 nostrodosclmo
1147 4884 1223 4943 'lecti
1234 4895 1309 4951 suut,
1325 4887 1475 4958 designari,
1489 4888 1538 4944 sed
1551 4889 1836 4962 preelectusprmtorr'o,
1848 4881 1920 4950 tritt
1959 4912 1960 4927 2

302 4975 458 5045 Dandario,
477 4977 524 5049 qui
547 4974 614 5032 illud
639 4976 746 5049 aliaque
758 4977 835 5048 plura
849 4990 905 5033 non
920 4977 978 5034 sine
993 4975 1107 5036 cruditis
1158 4978 1212 5037 tius
1225 4980 1369 5051 praeiectos
1382 4981 1511 5051 cubiculi,
1533 4982 1657 5052 aliusque
1668 4981 1782 5052 similes,
1795 4969 1919 5053 quimmi
1959 4950 1960 4999 ¹

302 5068 537 5127 observationibus
562 5067 699 5140 publicam
714 5069 741 5126 in
760 5069 849 5127 lucem
869 5069 944 5126 breti
956 5070 1107 5130 emissums
1157 5073 1284 5131 omnibus
1297 5074 1325 5132 in
1339 5075 1441 5146 palatio
1451 5075 1622 5132 versantibus
1633 5085 1778 5148 praeeram.
1798 5073 1855 5132 ban
1865 5063 1918 5142 pru

304 5171 356 5220 est.
1158 5166 1466 5238 postliusebiusaperte
1477 5165 1613 5238 inuideat
1626 5167 1799 5225 nnumcniis
1812 5159 1919 5222 iristht
1959 5154 1961 5219 l

338 5255 404 5314 Cum
415 5257 531 5330 primum
542 5267 633 5316 autem
646 5256 828 5316 Diocletianus
838 5257 866 5314 in
875 5257 1046 5316 Christianos
1057 5258 1108 5317 im·
1158 5261 1294 5330 rotbeum,
1305 5261 1421 5320 altentm
1432 5276 1499 5320 uero
1505 5261 1684 5334 Gorgonium,
1697 5264 1745 5335 qui
1760 5257 1916 5322 concidat

303 5352 388 5422 mani,
403 5351 619 5426 sicutluidimus,
633 5353 794 5411 crudelitate
808 5354 907 5412 sevire
921 5355 1004 5426 coepit
1020 5372 1028 5410 ι
1042 5353 1106 5412 Pri·
1159 5352 1292 5410 uxoribns
1314 5354 1372 5409 suis
1397 5355 1578 5426 permiserant
1599 5351 1776 5413 christianam
1798 5351 1917 5424 reliditin

304 5448 503 5511 momornnicm,
517 5446 556 5503 ait
565 5444 757 5522 Ceciliuslliec.
769 5464 792 5502 c.
803 5445 859 5518 lli),
868 5447 950 5516 ,ilium
966 5447 1105 5517 inimicat,
1157 5445 1244 5504 libere
1256 5443 1392 5520 probteri.
1958 5490 1959 5513 ,

304 5543 487 5616 conjupempae
499 5539 617 5598 Priscam
630 5541 758 5609 sacrificio
768 5539 851 5612 pollui
864 5543 955 5615 coepit.
971 5543 1026 5599 Cur
1041 5554 1106 5613 etto
1192 5537 1246 5594 sed
1260 5537 1394 5596 Eusebius
1402 5536 1441 5596 tlt
1451 5539 1487 5596 de
1498 5538 1544 5596 illa
1558 5538 1745 5596 tatrtummutlo
1760 5549 1833 5612 apere
1844 5528 1915 5588 tim

304 5647 351 5691 eas
367 5633 448 5706 coepit
462 5633 496 5690 ad
506 5633 558 5690 diis
572 5631 799 5692 sacrificandum?
813 5631 856 5691 dn
875 5633 936 5705 quia
950 5632 1107 5691 christianae
1158 5624 1243 5686 libera
1256 5629 1396 5700 laenitate,
1412 5646 1494 5705 quam
1507 5631 1698 5703 imperatores,
1713 5647 1769 5688 uon
1778 5623 1914 5688 remolliat
1958 5650 1959 5711 t

305 5733 392 5792 erant,
400 5734 485 5783 autut
493 5725 562 5794 ilias,
570 5727 709 5799 gentilium
719 5726 958 5797 superstitionibus
972 5725 1104 5799 addictas,
1157 5738 1218 5780 tum
1246 5725 1365 5795 preteeti
1390 5724 1551 5784 Christianis
1581 5735 1775 5783 concesserant
1798 5719 1913 5791 elicient·
1958 5734 1959 5743 ¹

307 5817 1108 5894 adillabentiumaliisbceimpiasacrillciaiacieucliexnm·
1158 5819 1357 5893 suanpoutca
1367 5819 1675 5896 palamqueexcrccodi·
1690 5812 1913 5882 cruentabit*
