4017 6350
92 357 161 415 tnui

438 352 593 411 dissutis.
614 354 647 411 tit
668 355 731 411 titt.
762 354 806 412 DE
826 352 1000 414 ttdustutts
1019 354 1213 415 eussecuu.
1233 356 1310 415 Cutil.
1332 356 1392 415 xit.

87 480 219 543 patrono,
232 472 315 529 immo
324 480 352 527 et
365 476 458 526 contra
473 477 597 543 apertum
615 468 747 527 valloniam
760 469 888 543 anonymi
903 486 926 543 Α

1674 362 1746 421 tutti

978 472 1020 527 Eo
1038 473 1128 545 itaque
1148 473 1229 531 modo
1244 474 1367 547 pertenit
1387 474 1419 529 ari
1443 484 1546 547 patrem
1570 493 1650 534 sunm
1672 480 1746 537 Con·

91 564 292 633 testimoninm,
321 561 494 619 asserendam
515 562 549 618 de
563 560 741 619 Constantino
763 571 896 634 praesente
947 564 1086 631 stantium,
1099 566 1200 621 ririlnrs
1223 580 1290 637 pene
1316 564 1558 641 delicientern,qni
1580 572 1748 639 ananienses*

91 658 278 715 narrationem
292 656 416 715 suiilciot.

127 750 164 806 At
180 750 285 823 urgebit
299 760 385 806 tameo
398 748 486 805 adlrnc
499 748 606 821 aliquis,
632 750 762 822 nobisque
784 751 893 819 tandem

93 842 208 913 olrjiciet
233 855 340 898 errasse
364 842 535 913 Anonymnm
563 838 760 909 i'alesianum,
785 844 896 911 minime

91 946 290 994 veronostram
309 946 457 993 auctorem.
471 934 524 993 Sed
536 934 562 991 id
573 936 660 1008 aliqua
681 937 775 995 saltem
792 940 895 996 ratione

90 1032 263 1105 probandum
279 1040 330 1088 est.
341 1030 450 1087 Adbuc
461 1044 527 1087 uero
540 1030 641 1089 Cecilio
653 1032 744 1107 opinio
760 1048 813 1089 nun
829 1032 894 1089 nituit

92 1140 189 1180 secam
209 1124 337 1194 importet
354 1122 473 1191 obscuri,
487 1124 677 1195 explicatoque
690 1122 808 1179 dilicilis
825 1122 894 1193 quod

93 1217 145 1272 sibi
161 1216 230 1287 ipsi,
246 1216 284 1271 uti
307 1214 436 1283 diximus,
455 1228 626 1291 repugnans,
643 1224 723 1287 atque
743 1216 894 1289 oppositum

947 654 1081 723 militibus,
1095 656 1172 712 sicuti
1188 642 1228 713 ait
1250 658 1367 715 Ceciiins
1389 660 1458 733 (cap.
1483 660 1543 733 st),
1557 670 1745 730 contruendam,

947 744 1083 817 irruperium
1098 764 1143 821 per
1157 764 1248 805 mortun
1262 752 1380 807 tradidit.
1401 754 1489 826 litque
1507 754 1555 811 iiio
1572 775 1581 809 t
1598 766 1715 826 rnrortuo,
1733 778 1743 811 r

946 838 982 893 ita
996 838 1115 918 loquitur
1134 842 1260 898 Aurelius
1275 842 1377 911 iiictor,
1392 862 1402 897 r
1417 848 1532 915 crunctis,
1557 850 1601 919 qni
1620 850 1745 918 aderant,

946 928 1148 1001 arbriteutlbns,
1176 934 1224 991 scd
1256 939 1391 1009 praecipue
1417 940 1523 1009 Enoeo,
1552 945 1744 999 ulterraauornm

947 1026 1123 1097 regc,anxilii
1145 1028 1231 1098 gratia
1260 1030 1446 1088 Constantiam
1474 1036 1614 1103 connitato,
1639 1056 1650 1089 s
1689 1037 1747 1109 ipse

946 1116 1139 1177 Constantinus
1157 1138 1167 1173 ι
1182 1121 1325 1194 imperium
1348 1124 1429 1195 cepit.
1446 1144 1455 1177 s
1470 1126 1523 1185 Sed
1537 1132 1609 1185 inter
1630 1144 1661 1188 se
1682 1145 1748 1187 con-

947 1218 1133 1269 trouersantur
1147 1214 1244 1271 eruditi
1258 1216 1418 1287 scriptores,
1433 1225 1524 1275 utrum
1542 1217 1589 1277 illc
1609 1233 1672 1285 mm
1688 1230 1747 1282 tun-

90 1309 210 1365 uidetur.
235 1308 288 1367 Sed
301 1308 347 1365 alit
363 1306 518 1389 sagaciores
537 1308 623 1365 critici
650 1308 707 1365 lucc
727 1310 817 1366 omnia
840 1308 896 1367 lor·
947 1312 1003 1362 tum
1017 1304 1119 1377 Cesar,
1133 1324 1168 1365 an
1190 1308 1337 1381 imperator
1355 1307 1436 1365 luerit
1456 1314 1638 1371 renuntiatus.
1653 1316 1747 1375 Enim·

91 1401 583 1473 sitaueoodabunt,atquclllnrnmde
593 1404 894 1463 toeabaeemumemsm
948 1412 1014 1455 uero
1025 1398 1160 1458 Eusebius
1171 1400 1242 1458 leand
1255 1402 1412 1460 dubitanter
1426 1402 1545 1462 affirmat
1557 1422 1620 1468 eum
1638 1422 1653 1463 a
1669 1419 1747 1479 patre

87 1498 223 1571 indicium
250 1499 477 1571 exspectabimus.
503 1498 661 1569 Pergratum
685 1510 792 1571 quoque
818 1498 895 1555 uobis
946 1506 996 1547 suo
1021 1493 1143 1549 relictum
1173 1494 1198 1551 iu
1227 1496 1342 1566 imperio
1365 1509 1567 1565 successorem,
1595 1496 1747 1576 additque:

90 1592 204 1659 iaciunt,
215 1594 238 1649 si
252 1592 367 1661 similes,
382 1593 494 1667 parique
515 1592 680 1648 obscuritate
703 1592 838 1649 involutos
852 1592 894 1651 lo·
946 1586 1215 1649 intermiscuisse
1228 1587 1382 1668 inpuberem.
1394 1588 1519 1667 βασιλεὺς
1529 1588 1694 1654 unissime
1707 1594 1752 1651 καὶ

91 1684 195 1757 qneodi
212 1684 307 1743 modus
323 1686 349 1743 in
375 1684 499 1759 genuinis
519 1682 649 1755 Firmium
674 1684 804 1751 Lactantii
820 1684 895 1743 libris
946 1682 1095 1751 σιΰαστὸς,
1112 1681 1220 1755 (urant.
1247 1682 1291 1739 tit.
1317 1699 1345 1740 rx
1368 1680 1469 1744 Hister.
1494 1683 1596 1748 Euclea.
1616 1703 1675 1757 cup.
1691 1686 1751 1762 ii.)

90 1776 285 1835 iudicauerint,
949 1770 1157 1839 «Constantinus
1169 1776 1272 1845 abipso
1286 1777 1377 1834 statim
1388 1776 1500 1832 exordio
1509 1792 1653 1849 ennaremus
1664 1778 1751 1852 impe·

393 1864 538 1908 imiimi
558 1864 594 1905 ii·
946 1869 1210 1943 ratur,etdugustus
1224 1872 1397 1935 »amilitibus
1407 1874 1675 1936 salutatusesrmtttut
1686 1892 1752 1934 uero

94 1944 233 2013 Quomodo
248 1944 432 2003 Constantinus
455 1955 546 2001 contro
568 1943 667 2000 Galerii
687 1944 843 1999 uoluntatem
863 1944 896 1999 ed
948 1960 1056 2031 squqqq
1072 1963 1147 2037 ipsi„
1164 1964 1372 2035 vammum
1385 1966 1428 2023 τὸν
1440 1968 1531 2048 alipes
1543 1976 1589 2032 τῆς
1608 1969 1751 2047 miae,

132 2038 312 2095 Constantium
327 2050 426 2112 pstrcrrt
439 2056 525 2105 suruur,
539 2041 595 2113 jem
605 2042 663 2113 jum
680 2038 844 2105 ruroriturum,
859 2054 899 2093 re·
949 2054 1053 2129 qmpmq
1065 2056 1249 2113 [mmmm.
1265 2054 1389 2115 Julianus
1402 2075 1467 2122 vem
1482 2058 1612 2133 Aposwffl
1628 2063 1638 2137 (
1647 2062 1751 2121 mian.

129 2133 220 2202 dierit,
234 2141 258 2188 et
271 2142 358 2188 utrum
370 2134 402 2187 ui
416 2133 474 2201 tito,
489 2132 529 2191 uel
541 2134 572 2188 ub
585 2134 645 2189 aliia
659 2132 756 2198 seem,
773 2132 898 2202 sinuatque
952 2144 1028 2203 orae,
1044 2148 1070 2217 ι,
1085 2149 1113 2203 iu
1127 2147 1276 2223 coustant.)
1290 2151 1434 2223 imperium
1447 2152 1498 2222 illi,
1508 2162 1569 2225 post
1583 2156 1668 2227 putris
1679 2172 1754 2213 uuor·

952 2250 1019 2316 tem,
1029 2242 1197 2298 exercituum
1210 2243 1331 2309 connium
1346 2242 1474 2317 suffragio
1486 2244 1577 2309 daturin
1594 2246 1676 2309 lenisse
1690 2264 1754 2329 pro·

131 2227 273 2295 miserator
286 2226 369 2297 suetas
382 2229 425 2283 sit.

137 2344 315 2401 Constantius
330 2343 490 2415 grauissimo
508 2342 653 2415 latinatique
673 2340 772 2400 morbo
784 2336 897 2395 aiilicta·
951 2332 1031 2399 didit.
1148 2410 1152 2415 .

97 2446 152 2504 tus,
168 2438 261 2510 piures
275 2438 355 2495 sicuti
369 2438 425 2509 iam
439 2454 454 2498 a
469 2436 546 2492 nobis
560 2436 730 2493 obseruatum
745 2444 805 2501 est,
819 2434 901 2489 liaui-
989 2428 1073 2486 Secus
1085 2438 1174 2486 tamen
1188 2428 1349 2508 Euonymus
1369 2430 1547 2499 Volusianus,
1565 2430 1710 2504 Euzinrus,
1726 2439 1756 2490 ct

98 2531 191 2586 miano
205 2530 314 2589 Galerio
328 2530 438 2601 scripsit
452 2530 565 2597 litteras,
582 2530 679 2603 quibus
695 2528 802 2601 petebat
817 2528 901 2585 inlitum
954 2520 1104 2581 Eumenius
1116 2538 1177 2580 eum
1192 2524 1329 2583 Cesaueru
1341 2526 1441 2583 lactum
1451 2536 1588 2583 asserunt.
1600 2524 1659 2585 iiuc
1676 2542 1754 2585 accc-

98 2636 177 2678 suum
189 2618 396 2680 Constantinum
417 2622 468 2678 sibi
493 2623 604 2678 remitti.
622 2620 675 2678 Sed
697 2622 795 2679 litteris
816 2624 902 2699 preci·
953 2615 994 2672 dit
1007 2618 1125 2674 incertus
1137 2619 1292 2693 panegyrici
1304 2626 1409 2687 auctor,
1424 2621 1469 2691 qui
1482 2606 1671 2674 Maximianum
1687 2618 1756 2675 iler-

99 2714 206 2786 busque
217 2715 337 2785 repetitis
348 2715 392 2771 uix
406 2712 472 2771 iliud
494 2729 621 2787 umquam
649 2714 684 2771 ab
696 2713 804 2772 Galerio
817 2714 904 2787 potuit
954 2712 1054 2771 coalitum
1080 2712 1122 2769 bis
1146 2712 1290 2785 compellat
1314 2713 1405 2769 verbis
1422 2730 1428 2767 :
1445 2714 1493 2769 ((1
1516 2713 1637 2770 divinum
1663 2721 1756 2783 taum,

103 2806 277 2879 impetrare:
302 2806 419 2877 Nunrrqrre
441 2810 549 2883 supina,
574 2810 611 2864 uti
633 2810 671 2864 uit
691 2808 825 2877 Ceclllus,
845 2825 903 2865 eum
955 2804 1274 2875 blaximiartc,jurdicluor‚
1287 2804 1333 2879 qui
1347 2806 1661 2869 buncleonstantimnn
1680 2826 1690 2862 r
1708 2806 1756 2865 tibi

108 2902 161 2969 inm
175 2901 223 2957 diu
237 2914 331 2975 nequre
346 2902 556 2974 (manuscriptus
569 2901 673 2970 cndcx,
688 2901 732 2957 diu
745 2920 835 2959 urenae
853 2920 903 2959 recu
954 2898 1016 2969 iure
1034 2898 1185 2969 adoptionis
1206 2911 1344 2971 nepotem,
1369 2900 1520 2971 oaajestatis
1543 2900 1637 2955 ordine
1660 2900 1756 2967 illium,

102 2996 202 3070 posset)
216 2998 285 3053 dedit
297 2998 337 3053 ilii
348 2998 473 3071 sigilium,
488 2998 630 3053 inclinante
639 2998 695 3069 jorn
707 2998 756 3053 die.
775 2996 904 3053 Fateatur
956 2994 1039 3051 etiam
1052 3009 1184 3073 generum
1206 3008 1267 3052 csse
1288 2992 1404 3053 uoluisti.
1423 3014 1433 3049 r
1450 2993 1559 3069 quaudo
1573 2993 1699 3053 uidelicet
1719 2994 1761 3053 itti

103 3090 213 3163 quidem
238 3106 333 3147 ornnes
355 3090 498 3163 rieprarata
524 3104 584 3147 esse
608 3090 665 3145 baec
678 3088 796 3145 auctoris
820 3090 904 3144 nostri
957 3086 1085 3150 Faustam
1100 3086 1182 3143 Ellam
1196 3104 1283 3153 snam,
1300 3096 1330 3144 ut
1343 3086 1411 3147 inira
1432 3088 1556 3159 dicetur,
1570 3088 1595 3144 in
1617 3092 1760 3145 matrimo-

104 3183 199 3249 ucrba,
214 3193 295 3256 atque
310 3183 342 3241 ad
358 3200 389 3240 ou
416 3183 534 3241 sananda
561 3183 644 3256 aliqui
666 3189 727 3254 post
748 3182 904 3238 adverbium
958 3181 1031 3240 ninum
1047 3183 1203 3242 collocavit.
1223 3184 1302 3256 btqui
1323 3183 1345 3240 si
1360 3196 1416 3240 tum
1431 3185 1573 3259 tunicatum}
1584 3183 1675 3245 ordine
1687 3185 1760 3254 filius

104 3277 212 3350 euplus,
227 3275 379 3333 addendum
404 3277 573 3350 suspicantur
588 3286 703 3346 repulus,
724 3279 770 3330 aut
783 3271 907 3328 miiicitu-
920 3309 943 3374 C
958 3288 1031 3348 erat²
1045 3276 1108 3339 tque
1121 3278 1243 3350 seqnitur
1257 3277 1331 3334 iilum
1344 3273 1478 3335 caesaumn
1495 3278 1682 3334 tantummodo
1696 3286 1761 3349 tuuc

106 3383 157 3443 tus,
173 3382 220 3429 ant
232 3368 364 3448 repetenti,
380 3381 406 3429 et
421 3387 469 3446 pro
490 3371 545 3438 din,
566 3369 709 3442 legendnm
732 3368 837 3424 diutius.
853 3365 905 3425 Sed
958 3371 1053 3428 iuisso.
1063 3365 1130 3427 Nam
1143 3369 1274 3438 Caesares,
1286 3371 1382 3446 utijam
1395 3371 1609 3442 obsecravimus,
1617 3371 1761 3444 abArugus·

105 3483 165 3540 qum
182 3482 246 3523 vcra
263 3465 298 3522 sit
320 3465 410 3531 lectio,
426 3466 487 3538 qnis
501 3465 559 3520 sine
571 3463 659 3520 altero
684 3459 789 3518 meliori
813 3459 907 3518 codiee
959 3465 1762 3540 tislilii,quemadmodumimperatoresabeisiratresuoca·

106 3561 269 3620 adseverare
284 3559 401 3616 arrdcatl
415 3560 516 3616 Sensrrs
529 3567 619 3614 antem
633 3555 725 3613 Cecilii
746 3555 769 3612 is
790 3571 851 3612 esse
865 3553 906 3610 ri·
960 3561 1068 3614 irantnr.
1080 3557 1121 3614 dd
1132 3558 1190 3616 inec
1204 3576 1279 3628 uero,
1295 3561 1366 3618 idem
1380 3573 1475 3616 auctor
1488 3561 1567 3629 quanio
1577 3570 1640 3616 aute
1655 3561 1762 3618 dixerat

106 3653 198 3722 detur,
215 3653 350 3710 Galerium
366 3666 426 3708 cum
438 3651 539 3706 diritius
550 3649 719 3714 Constantio,
731 3647 813 3704 blitum
828 3645 909 3705 toties
959 3649 1012 3708 boc
1022 3651 1175 3724 nuptiarum
1185 3651 1231 3710 die
1243 3653 1330 3710 eidem
1339 3651 1517 3710 Constantino
1527 3651 1627 3712 Casan
1640 3651 1761 3712 additum

108 3747 225 3820 petenti,
244 3759 343 3816 negare
357 3743 473 3814 amplius
489 3757 541 3798 uun
567 3749 678 3814 posset,
705 3739 813 3797 dedisse
838 3739 909 3802 Cun-
960 3743 1067 3819 imperii
1083 3761 1191 3801 nomen.

109 3839 230 3896 stentino
242 3837 371 3908 sigilium,
384 3836 418 3892 de
431 3851 484 3908 qno
499 3849 548 3891 nos
561 3848 652 3903 surpra,
662 3847 694 3889 ac
708 3831 860 3895 laenitatem
875 3832 909 3888 ad

109 3945 214 4005 patrem
250 3947 327 3989 surum
359 3929 488 4004 postridie
518 3927 657 3985 redeundi.
684 3927 793 3985 interint
819 3934 909 3984 tamen

109 4027 187 4084 illnm
203 4025 320 4094 retinere
334 4025 452 4090 uolebat,
467 4031 512 4078 aut
524 4023 620 4078 saltem
637 4021 738 4078 Seuero
755 4019 910 4090 numeraturi

113 4119 248 4185 scribere,
260 4126 288 4175 ot
302 4117 377 4176 iiiam
393 4117 419 4172 in
436 4115 532 4170 itinere
545 4113 676 4170 retineret
697 4111 744 4173 sed
762 4127 829 4168 vanu
850 4110 910 4176 ine·

110 4222 174 4270 runt
185 4213 243 4284 ejus
256 4211 380 4278 consilia,
394 4224 507 4284 spesque
523 4223 583 4262 enm
602 4205 707 4262 leicliit.

146 4307 215 4374 Nam
229 4305 423 4362 Constantinus
437 4308 547 4372 accepto
561 4299 659 4372 sigilio,
675 4300 764 4356 statim
782 4306 843 4372 post
857 4311 913 4359 eoe·

112 4413 176 4457 nuru
192 4397 290 4463 exiiet
307 4393 531 4468 sublatisque,ait
544 4403 638 4448 auctor
652 4402 755 4453 niuster,
773 4407 820 4463 per
835 4406 912 4446 man-

113 4495 204 4550 siones
228 4493 327 4550 multas
352 4489 477 4547 orionibus
504 4487 581 4562 equis
605 4485 729 4558 publicis,
752 4483 911 4540 enudavit.»

114 4591 191 4662 Qneod
207 4589 315 4664 quidem
329 4591 363 4646 ab
383 4587 494 4647 Aurelio
511 4587 620 4644 iiictore
640 4585 682 4642 bis
703 4583 792 4643 uerbis
814 4585 915 4641 clarius

996 3837 1050 3901 scu
1063 3841 1133 3898 banc
1148 3841 1222 3897 litam
1236 3841 1281 3896 iiic
1293 3839 1408 3912 ipsemet
1426 3848 1518 3896 curator
1537 3839 1666 3900 dirimere
1685 3833 1763 3893 ride·

962 3941 1006 3990 tur
1021 3933 1071 3996 bis,
1088 3933 1186 4006 quibus
1200 3930 1408 3990 Constantinum
1427 3932 1534 3999 allator,
1550 3929 1638 3986 uerbis
1657 3948 1663 3982 :
1684 3926 1763 3986 ‹cn-

959 4027 1003 4098 jus
1018 4038 1090 4081 tanna
1104 4028 1243 4082 maturitas
1267 4038 1318 4092 est,
1334 4037 1433 4080 tticum
1453 4025 1501 4080 tibi
1523 4032 1598 4096 pater
1619 4023 1763 4094 imperium

961 4118 1126 4190 reliquisset,
1151 4115 1267 4175 Caesaris
1287 4124 1377 4172 tamen
1402 4113 1584 4186 appellatione
1606 4121 1764 4183 contentus,

963 4219 1122 4287 exspectare
1132 4209 1279 4274 maineris;
1295 4218 1325 4264 nt
1338 4206 1409 4264 idem
1426 4207 1518 4278 te,qui
1535 4206 1623 4274 ilium,
1638 4226 1647 4259 r
1656 4218 1763 4279 patrem

963 4313 1038 4362 tuum
1053 4302 1250 4368 Constantium,
1271 4299 1446 4356 «declararet
1460 4299 1621 4372 Augustum.
1639 4319 1649 4352 ι
1667 4299 1764 4358 Nonne

964 4399 1036 4454 enim
1049 4396 1112 4453 iude
1125 4395 1216 4470 colligi
1231 4404 1306 4452 reete
1319 4403 1409 4466 potest
1420 4409 1479 4450 earu
1495 4392 1579 4450 iuuisse
1593 4391 1765 4450 Constantini

964 4489 1052 4569 iiagni
1063 4488 1276 4550 moderationem
1289 4506 1321 4546 ac
1333 4489 1493 4546 modestiam
1504 4507 1511 4558 ;
1529 4498 1559 4546 ut
1569 4491 1676 4547 tametsi
1690 4507 1705 4546 a
1716 4507 1765 4564 pa-

966 4595 1019 4651 tre,
1035 4595 1062 4641 et
1076 4594 1132 4641 toto
1146 4583 1269 4641 exercitu
1286 4581 1371 4639 lactus
1386 4581 1481 4640 luisset
1491 4583 1628 4654 durgustus
1642 4597 1669 4640 et
1683 4584 1767 4656 irnpe-

114 4685 264 4754 cxpiieatur
294 4684 550 4756 cooiirmatnrqne:
580 4677 807 4738 «Constmntious
845 4675 1180 4767 iungratur,Ceesaris
1206 4677 1380 4734 nibilominus
1405 4678 1514 4740 onomius
1534 4687 1688 4744 contentus,
1705 4686 1769 4733 tunc

115 4789 279 4846 coruntcnto,
296 4793 357 4834 cum
371 4775 404 4832 ad
426 4773 596 4835 frustrandos
615 4773 788 4848 insequentes
809 4771 914 4844 publica

115 4871 246 4944 jumenta,
262 4887 367 4944 quaqua
381 4871 432 4926 iter
446 4877 547 4943 egerat,
564 4869 741 4938 interliceret,
758 4869 784 4924 iu
800 4867 915 4922 [tritten-

117 4965 190 5025 niam
213 4965 344 5038 peruenit.
371 4983 380 5017 ι
408 4963 475 5021 item
502 4963 536 5018 ab
572 4959 714 5038 dnonynm
750 4961 913 5017 Valesiano:

120 5059 253 5114 «Summa
276 5057 467 5124 festinatione,
492 5055 598 5112 veredis
623 5063 684 5128 pust
718 5069 747 5110 se
773 5054 915 5123 truncatiS,

119 5151 201 5222 bipes
212 5161 413 5226 transgressus,
428 5149 461 5209 ad
479 5159 581 5222 patrem
600 5147 786 5204 Constantium
802 5147 881 5204 uertit.
904 5166 914 5199 ι

120 5244 175 5303 Nec
187 5243 304 5310 absimili
320 5243 399 5305 ruodo
412 5241 540 5300 Zozirnus
563 5257 651 5319 grmce
671 5241 779 5312 scripsit
796 5260 803 5295 ε
818 5243 882 5304 Τοὺς
894 5241 919 5295 ἐν

120 5347 176 5401 τοῖς
191 5337 311 5412 σταθμοῖς
324 5335 435 5401 ἵππους,
452 5333 496 5398 οὓς
514 5337 542 5392 τὸ
556 5331 675 5410 δημόσιον
688 5333 799 5416 ἔτρεφεν,
814 5333 869 5408 o'rpnr
881 5341 918 5410 τῷ

123 5433 216 5512 pirique
230 5431 271 5488 edu
284 5432 405 5504 σταθμὸν,
418 5423 526 5484 uoionimu
539 5433 583 5486 uui
596 5431 721 5506 ἁχριίους
736 5432 791 5486 tuo.
807 5425 917 5502 (Zuzt'ut.

125 5521 169 5580 tit.
184 5541 202 5579 ιι
220 5521 337 5595 ilistor.)
353 5539 362 5573 r
379 5521 470 5592 Equos
486 5519 659 5585 stabularios,
671 5535 740 5593 quos
754 5517 843 5578 eleum
862 5533 919 5574 res-

125 5617 242 5687 publica,
267 5617 458 5686 cumprimum
481 5610 617 5675 stalmium
641 5611 750 5686 aliquod
775 5609 918 5682 attigisset,

125 5709 262 5777 mutilans,
278 5719 304 5766 ct
318 5705 424 5769 inutiles
439 5706 565 5772 reddens,
582 5725 592 5759 ι
610 5705 643 5761 ad
662 5715 765 5776 patrem
784 5703 921 5763 accessit:

125 5813 153 5858 ut
168 5819 219 5857 nou
233 5801 360 5858 aduectus
373 5814 453 5855 cursu
469 5797 590 5869 publico,
606 5797 693 5870 inquit
706 5795 863 5864 Eumenius,
879 5797 924 5854 sed

128 5895 214 5952 diuino
227 5894 336 5966 quodem
347 5890 482 5948 aduniosrc
495 5891 624 5947 curriculo
634 5891 769 5946 viduetur.

968 4773 1085 4830 nolucrit
1111 4775 1246 4844 sagenas
1266 4781 1295 4828 et
1317 4771 1465 4844 imperetur
1486 4769 1629 4844 appellari.
1657 4767 1768 4825 Etenim

968 4869 1043 4940 prius
1066 4868 1100 4924 ab
1121 4868 1169 4924 illo
1191 4867 1293 4924 dictum
1320 4864 1444 4939 legimus.
1463 4863 1558 4932 tlibi,
1581 4862 1768 4931 Constantine,

969 4980 1017 5038 per
1027 4979 1153 5022 socerum
1168 4978 1267 5020 nomen
1282 4961 1452 5032 insuperatoris
1466 4959 1595 5018 adcrevit.
1616 4978 1626 5011 ι

1005 5058 1141 5122 Praeterea
1156 5056 1201 5115 ubi
1212 5057 1331 5112 laureata
1347 5054 1420 5110 iilius
1430 5053 1520 5124 imago
1534 5049 1568 5106 ad
1581 5049 1719 5107 Galerittm
1733 5048 1770 5107 de

969 5173 1057 5226 sueto,
1064 5158 1144 5218 stoan
1154 5157 1282 5222 diximus,
1289 5162 1428 5228 asportata
1443 5161 1495 5216 est,
1506 5148 1577 5207 banc
1589 5146 1635 5203 iile
1649 5147 1770 5218 suscepit

970 5253 1082 5319 inuitus,
1103 5261 1132 5313 et
1153 5249 1362 5308 Constantinum
1382 5257 1435 5302 rnen
1460 5242 1674 5312 brtpcuatorenr,
1700 5240 1773 5299 sicut

971 5357 1030 5407 erut
1049 5346 1146 5412 becles,
1161 5342 1211 5400 sed
1237 5342 1318 5398 missa
1339 5349 1470 5409 purpura,
1482 5343 1579 5406 quarto
1591 5333 1663 5398 loco,
1676 5331 1703 5388 id
1717 5340 1771 5400 est,

973 5450 1036 5514 post
1048 5438 1187 5510 seipsum,
1200 5451 1233 5495 ae
1252 5434 1394 5497 Seuerrnu,
1420 5438 1447 5485 et
1475 5427 1658 5486 tlaximinurn.
1680 5424 1772 5482 Cesa-

973 5551 1031 5594 rem
1047 5531 1219 5602 ouunrparit.
1236 5525 1403 5585 linonicum
1417 5523 1507 5589 imque
1519 5521 1546 5580 si
1566 5525 1592 5574 to
1613 5519 1647 5575 iis
1659 5519 1772 5593 provin.

973 5628 1034 5696 ciis,
1049 5625 1147 5698 quibus
1167 5623 1196 5684 bi
1218 5615 1395 5689 imperabunt,
1422 5611 1599 5670 Constantino
1622 5609 1714 5669 datum
1737 5611 1775 5668 sit

974 5721 1064 5778 solum
1075 5717 1189 5774 damnis
1205 5725 1312 5773 niceten,
1325 5721 1379 5778 qno
1392 5704 1474 5766 uaris
1486 5705 1774 5774 metaumaucensis

975 5822 1072 5874 nostro
1085 5808 1190 5868 erudito
1201 5803 1330 5864 temtus
1344 5795 1483 5860 baudelio
1494 5796 1653 5870 propediem
1674 5811 1776 5868 repra·

976 5903 1127 5969 seutaudis,
1141 5896 1301 5969 appellatur.
