4017 6350
65 265 116 323 ult
403 265 608 327 Dissentio
628 265 694 325 bili.
714 268 759 327 ol:
778 266 953 330 uouttuus
972 272 1164 336 PDRSEGUT.
1184 274 1264 335 (biii.
1281 272 1357 334 titt.
1658 282 1713 343 tto

61 386 128 435 orrut
148 377 239 451 (cecil.
252 394 313 453 cup.
329 378 386 453 lu),
401 389 429 438 et
443 381 580 453 posterius
593 382 787 440 imbecillitatis
798 383 860 441 Diu·
872 388 898 448 Α
910 383 986 442 lotis
999 385 1145 459 Capitolini
1155 391 1257 463 templo
1266 392 1374 462 jurasse
1389 390 1446 449 loru
1458 398 1489 449 ut
1505 391 1586 451 simul
1597 393 1712 468 imperio

61 474 172 531 eletione
183 471 263 541 seni,
280 488 313 529 ex
328 472 486 545 grauissimo
500 474 622 546 corporis
635 474 772 547 animique
787 490 858 531 mor·
909 492 970 536 sose
990 479 1158 539 abdicarent.

60 566 95 623 bo
113 564 158 622 nix
180 564 400 635 convalescenti,
422 564 493 622 baud
516 566 597 637 plane
625 566 762 625 immerito
782 567 858 623 attri-
944 569 1073 629 Aiinmne
1097 574 1185 631 adbuc
1210 584 1309 635 testem
1332 577 1490 637 desiderasi
1511 580 1558 639 tibi
1585 582 1711 640 dabimus

61 660 206 719 buendum.
908 662 1116 724 Constantinum
1130 667 1277 740 lisgnum,
1303 671 1351 743 qui
1373 672 1588 743 Diocletianum,
1603 674 1626 731 si
1644 674 1712 733 fides

94 752 233 811 Diiiicilius
256 753 372 811 tortasse
385 752 451 811 iliud
465 752 611 823 uidebitur,
627 755 698 827 quod
712 754 810 814 ibidem
824 755 859 813 de
908 757 1011 817 cecilio
1030 769 1126 819 nostro
1136 762 1259 821 habenda
1281 764 1338 836 sit,
1359 781 1477 839 purpura
1502 767 1636 841 inperiali
1650 784 1712 828 sese

59 845 234 905 Constantino
249 844 349 918 llagno
370 843 488 903 Geclilus
505 855 597 904 noster
611 858 743 905 memorat
760 867 767 904 ι
782 847 860 904 lirul·
908 863 1054 911 exuentem
1073 855 1190 913 uiderat.
1218 858 1261 915 lib
1283 859 1330 915 illo
1352 861 1453 934 quippe
1479 863 1506 918 in
1533 862 1593 935 ipsa
1614 880 1662 921 sua
1677 864 1711 923 ad

56 956 116 1013 que,
129 953 191 996 cum
210 938 400 997 Diocletianus
413 948 440 995 et
453 939 578 997 Galerius
594 940 665 999 iuter
676 956 707 998 se
719 940 859 1013 colloque-
908 944 1181 1006 Sanctornmeoetum
1197 950 1402 1009 onnonetucn
1416 954 1600 1013 Diocletianus
1613 955 1712 1016 dicitur

59 1036 172 1103 bantur,
189 1045 250 1091 tuuc
264 1050 393 1106 museus.
408 1033 524 1093 Ubinam
549 1034 621 1092 enim
634 1076 642 1103 ,
657 1035 780 1101 obsecro,
797 1044 859 1091 tunc
908 1051 1002 1109 postea
1024 1040 1124 1099 uixisse
1140 1043 1284 1114 priuatus,
1299 1052 1401 1116 atque,
1416 1048 1496 1110 αὐτὸς
1517 1048 1611 1107 ἑαυτοῦ
1633 1074 1713 1111 κατα·

58 1146 162 1203 present
177 1138 232 1185 erut
246 1130 259 1185 l
274 1130 321 1186 lin
342 1128 368 1185 itt
385 1128 544 1185 Diocletiani
567 1128 688 1200 palatio,
702 1136 731 1183 ιι
744 1126 857 1200 quibus·
908 1132 1092 1210 ψηφισάμενος,
1099 1137 1403 1211 tuometipsedcmnstue
1410 1143 1534 1197 sententio
1549 1142 1638 1218 (ripaei
1647 1145 1711 1203 lius.

58 1224 231 1297 dumplacet3
245 1237 282 1279 an
309 1222 336 1279 in
350 1222 410 1295 ipso
422 1222 564 1291 cubiculo,
580 1222 625 1279 ubi
641 1221 686 1279 iile
699 1236 759 1279 oum
780 1221 860 1279 Gale·
910 1226 985 1284 Oret.
1006 1228 1042 1285 ed
1055 1238 1138 1286 acuet.
1153 1239 1224 1299 emt,
1239 1247 1299 1301 cap.
1314 1229 1382 1305 25).
1396 1230 1529 1305 Numquid
1543 1248 1634 1294 autem
1646 1238 1712 1296 illud

59 1320 96 1375 rio
119 1317 295 1389 loquebatur,
317 1314 545 1389 quemadmodum
565 1317 626 1373 aliis
647 1314 735 1372 uisum
751 1325 791 1371 est
803 1314 815 1370 ι
829 1315 857 1371 ln
909 1319 1039 1391 scriptum
1054 1320 1217 1381 traditumre
1238 1322 1337 1397 iegitur
1349 1323 1384 1381 de
1396 1324 1581 1397 imperatore,
1596 1331 1643 1402 qui
1661 1330 1713 1389 Ga·

59 1410 166 1484 luttjusce
186 1417 279 1467 autem
317 1406 444 1466 secundae
470 1409 604 1480 opinionis
625 1407 858 1465 confirmationem
909 1408 1079 1468 ieriileroeia
1093 1423 1122 1469 et
1146 1412 1277 1470 mioisad
1291 1414 1470 1486 abiiciendam
1485 1431 1640 1489 supremam
1661 1421 1713 1479 im·

59 1505 117 1563 illud
133 1502 248 1577 prolerri
268 1510 380 1575 potest,
395 1500 466 1573 quod
489 1502 568 1571 panto
594 1512 655 1574 post
668 1500 792 1559 Galerius
806 1500 860 1558 ier·
908 1502 976 1572 perii
990 1502 1148 1576 dignitatem
1160 1504 1272 1562 adactus
1280 1507 1342 1563 esti
1353 1506 1421 1577 Quis
1434 1518 1523 1565 autern
1538 1508 1639 1569 dixerit
1659 1514 1713 1570 ml·

60 1608 101 1657 tur
114 1597 285 1655 Diocletiano
307 1596 463 1655 ostendisse
476 1595 650 1653 lduximinum
677 1596 784 1665 Daiom,
798 1594 858 1652 Gae-
910 1610 1077 1655 noremcsse
1103 1599 1274 1657 Constantini
1299 1600 1386 1673 ilagni
1407 1610 1435 1659 et
1459 1602 1574 1661 aliorum
1598 1606 1714 1665 anobis

58 1710 144 1753 sorem
161 1710 228 1751 mox
245 1690 468 1767 nuncupandum.
485 1694 585 1749 Eorum
600 1693 673 1750 enim
688 1692 715 1749 in
734 1692 859 1749 cubiculo
909 1688 1097 1762 laudatorum,
1110 1692 1275 1765 quambucii
1289 1693 1384 1753 cecilii
1396 1697 1608 1757 auctoritatemi

59 1790 79 1847 si
92 1789 134 1846 iric
148 1786 264 1856 aderat,
277 1802 326 1843 cur
336 1800 402 1859 ergo
415 1800 467 1843 non
483 1784 541 1857 ipse
554 1785 636 1842 etiarn
652 1783 857 1853 Constantinus,
874 1786 899 1849 B
946 1781 1048 1841 Contra
1063 1800 1130 1842 tero
1142 1786 1234 1859 plures
1246 1828 1254 1855 ,
1267 1788 1372 1861 inquiet
1384 1790 1503 1861 aliquis,
1518 1804 1644 1851 asserunt
1665 1794 1711 1853 de·

59 1882 101 1954 qui
115 1879 151 1937 ibi
165 1894 279 1953 proruens
295 1879 378 1937 luisse
392 1878 540 1935 asserituri
555 1876 634 1951 Atqui
648 1876 671 1933 si
694 1874 721 1931 in
737 1876 788 1933 boo
808 1892 857 1932 cu·
911 1874 1029 1945 positum
1040 1876 1075 1933 ab
1088 1878 1288 1951 illoimperium
1301 1921 1309 1947 ,
1322 1880 1367 1938 rei
1378 1880 1415 1939 ob
1425 1884 1574 1941 senectutis
1587 1884 1713 1946 inertiam

59 1976 142 2033 biculo
156 1989 254 2033 revera
270 1972 411 2040 stetisset,
427 1972 620 2044 imperatorum
635 1979 683 2027 aut
693 1970 799 2041 serbis,
812 1978 860 2027 aut
910 1974 939 2024 et
951 1967 1163 2027 imbecillitatem
1176 2012 1185 2039 ‚
1199 1971 1239 2027 ιιι
1252 1971 1399 2045 Eutropius
1409 1975 1492 2046 paulo
1503 1986 1568 2033 aute
1589 1978 1689 2037 citatus
1704 1999 1712 2038 :
1752 2032 1757 2042 .

59 2069 138 2143 signis
150 2065 357 2139 deprehendere
371 2066 464 2138 procul
489 2063 571 2121 dubio
586 2063 758 2136 potuissetsc
770 2077 785 2119 a
796 2060 859 2117 Coe·
909 2061 953 2119 uel
968 2062 1004 2119 ob
1016 2063 1176 2121 insanientis
1199 2065 1283 2122 animi
1298 2066 1409 2137 vitium,
1426 2069 1498 2126 sicut
1519 2071 1714 2133 Constantinus

59 2160 122 2219 saris
136 2161 267 2235 dignitate
278 2159 465 2231 rejiciendum.
488 2156 544 2215 Sed
558 2155 602 2213 lais
619 2156 696 2228 plura
713 2170 746 2212 ac
760 2154 857 2213 subse·
910 2153 1039 2227 tragum,
1054 2170 1070 2211 a
1083 2155 1163 2213 nobis
1174 2157 1258 2213 etiam
1271 2173 1337 2215 mox
1347 2158 1465 2228 citatus,
1478 2161 1521 2219 rel
1532 2164 1662 2235 tandem,
1683 2175 1714 2225 ut

60 2253 162 2326 quentia
177 2252 319 2325 ipsiusmet
341 2250 436 2309 Cecilii
463 2248 545 2306 uerba
571 2262 723 2321 repugnare
747 2247 860 2305 omuino
910 2246 949 2303 ait
962 2257 1058 2304 ructor
1071 2248 1192 2307 incertus
1209 2250 1386 2323 Panegyrici,
1400 2268 1462 2309 cum
1476 2257 1615 2327 grauiores
1628 2262 1713 2331 unni,

60 2348 190 2417 uidentur,
203 2347 433 2421 quemadmodum
449 2344 519 2403 inira
535 2344 721 2403 ostendemus.
910 2349 958 2398 aut
970 2340 1098 2398 ualetudo
1115 2341 1245 2399 delleiens
1256 2380 1266 2410 ,
1278 2358 1340 2401 eum
1358 2346 1479 2416 receptui
1492 2362 1592 2407 cauere
1610 2351 1716 2425 coegis-

93 2444 176 2501 Porro
192 2452 284 2501 autem
299 2456 470 2516 quocumque
484 2442 567 2499 motio
590 2450 617 2499 te
634 2442 668 2499 ιι)
682 2439 734 2499 bae
747 2439 861 2498 dilllcul·
910 2442 980 2489 sent.
997 2432 1093 2492 N⁰¹¹¹1⁰
1104 2434 1187 2507 igitur
1197 2434 1261 2493 1¹¹4ss
1272 2437 1363 2509 Difflili
1375 2446 1466 2510 potest
1480 2440 1507 2497 Μ
1522 2443 1557 2500 ³¹)
1570 2457 1604 2501 ιθ
1617 2453 1715 2516 ὃιθιιῑθ

62 2545 113 2595 tate
133 2535 308 2610 expedieris,
334 2536 361 2593 in
391 2536 471 2592 aliam
496 2552 550 2592 non
571 2534 703 2593 minorem
717 2534 860 2593 confestim
912 2523 1029 2594 ‘ieiumi
1042 2519 1167 2600 uliifiivis
1175 2529 1292 2587 leuitici
1305 2529 1507 2591 iufirmiitlead
1521 2535 1713 2598 bancabdica-

61 2628 168 2686 incides.
189 2628 259 2687 lium
273 2628 296 2686 si
311 2628 493 2687 Diocletianus
516 2627 762 2701 lacrymabundus,
780 2634 810 2684 ut
823 2627 861 2684 ait
912 2620 1014 2680 tionem
1034 2622 1185 2681 taciendam
1198 2624 1332 2697 impulsus
1356 2625 1439 2684 luerit
1451 2629 1462 2683 ι
1475 2628 1560 2689 ilecto
1582 2632 1712 2705 lorsitao,
1827 2615 1831 2623 ¹

61 2720 171 2780 Cocllius
191 2721 291 2795 (Curii.
312 2738 371 2795 cup.
397 2720 677 2796 tempestuosorum
700 2730 781 2794 atque
803 2736 861 2778 om·
911 2718 934 2775 si
948 2717 1090 2788 Galerius,
1103 2719 1180 2777 nullo
1193 2729 1298 2779 terrore
1322 2721 1440 2794 iniecto,
1466 2724 1541 2783 ilium
1553 2728 1588 2785 ul
1606 2744 1714 2790 exuere·

62 2818 122 2874 nino
131 2816 257 2875 infirmus
268 2824 296 2876 et
309 2818 445 2875 reluctans
458 2816 589 2889 imperiali
603 2830 720 2888 purpura
732 2824 761 2873 ct
774 2815 862 2889 digni·
912 2810 974 2868 dam
990 2826 1136 2883 purpuram
1151 2812 1321 2871 adduxisset.

63 2919 114 2969 tate
135 2924 196 2969 sese
213 2912 305 2984 ipsum
316 2910 405 2981 exuit,
421 2926 490 2984 quo,
518 2924 630 2985 quaeso,
653 2911 760 2968 ratione
775 2916 861 2969 Aure-
947 2902 1063 2962 instabis
1077 2912 1167 2963 tumen
1184 2923 1191 2960 ι
1205 2905 1277 2975 Quid
1291 2906 1396 2964 obstitit
1407 2909 1552 2982 quominus
1567 2914 1713 2976 Diocletia-

63 3004 111 3063 lius
126 3006 219 3063 Victor
245 3004 356 3078 scripsit
383 3005 562 3077 deposituma
583 3005 751 3061 Diocletiano
776 3006 862 3077 impe·
912 3012 964 3055 nus
983 3014 1037 3055 non
1052 3008 1106 3056 tam
1118 2999 1219 3058 Galerii
1229 3002 1508 3077 comminationibus,
1522 3024 1602 3081 quom
1618 3015 1714 3075 amicis

63 3101 139 3169 rium,
153 3116 207 3158 non
221 3100 332 3176 quidem
343 3099 459 3171 impulsu
470 3098 569 3157 Galerii
581 3140 589 3167 ,
601 3098 649 3157 sod
663 3098 860 3157 discordiarum
913 3094 987 3151 iilius
1010 3096 1102 3153 uerbis
1128 3097 1235 3154 tandem
1256 3098 1420 3168 conuictus,
1447 3104 1573 3161 nuntium
1600 3106 1715 3183 imperio

63 3205 148 3262 metu;
162 3210 217 3253 non
239 3195 275 3252 ob
300 3193 436 3252 iullrmam
462 3193 641 3251 ualetudinem
655 3233 664 3262 ,
680 3191 728 3250 sed
742 3207 804 3250 cum
816 3208 863 3248 m-
875 3189 899 3254 C
913 3190 1010 3247 volens
1021 3190 1170 3263 lubensque
1182 3191 1341 3250 remiserit!
1354 3192 1408 3251 Sed
1421 3196 1486 3267 quid
1502 3197 1585 3255 etiam
1601 3200 1715 3273 impedi·

64 3286 156 3346 lentior
168 3298 229 3347 erat
252 3296 280 3345 ct
303 3287 396 3344 attimo
408 3295 436 3344 et
450 3285 587 3357 corporei
605 3305 616 3340 ι
633 3285 756 3358 Namque
768 3286 859 3342 immi·
912 3284 970 3354 uit,
995 3293 1092 3356 arguet
1102 3283 1188 3353 alius,
1211 3285 1358 3357 quominus
1372 3286 1418 3342 aiii
1433 3287 1581 3360 scriptores
1594 3292 1717 3368 descrip-

64 3381 196 3451 nentium,
213 3379 317 3453 inquit,
340 3387 485 3447 scrutator,
506 3378 552 3436 ubi
577 3377 633 3434 luto
647 3379 790 3436 intestinas
804 3378 862 3435 cla·
912 3377 999 3434 serint
1013 3377 1134 3433 insolens
1154 3375 1220 3433 illud
1248 3376 1349 3436 Galerii
1374 3395 1436 3436 cum
1449 3380 1618 3442 Diocletiano
1630 3387 1717 3447 coilo-

64 3473 126 3544 des,
139 3482 166 3532 et
176 3475 254 3547 quasi
268 3473 402 3545 fragorem
416 3471 560 3544 quemdam
578 3469 737 3544 impendero
749 3485 862 3544 compe·
913 3471 1016 3544 quium,
1032 3479 1079 3526 aut
1093 3470 1290 3544 illiusaiiquam
1303 3471 1400 3529 saltem
1408 3475 1715 3540 mentiooemieccrlnti

66 3568 99 3625 rit
115 3579 200 3628 status
214 3569 328 3627 Romani
340 3610 347 3636 ‚
361 3567 498 3626 celebrato
520 3567 596 3639 regni
612 3566 742 3639 vigesimo
767 3579 862 3635 sono,
913 3563 1015 3624 ilerum
1028 3580 1082 3622 noo
1097 3565 1132 3623 de
1145 3565 1299 3638 rebusque
1312 3567 1370 3624 iteri
1386 3576 1549 3640 potnerunt,
1563 3572 1611 3629 sed
1625 3572 1661 3632 de
1670 3575 1714 3647 iis,

66 3660 185 3718 calentior
203 3677 297 3718 curam
325 3659 357 3718 P.
382 3659 416 3715 lt.
441 3657 554 3731 abjecit,
572 3674 633 3714 cnm
653 3659 681 3715 in
699 3657 862 3716 sententiam
913 3677 975 3734 quae
985 3660 1075 3734 reipsa
1090 3670 1158 3719 actm
1172 3671 1254 3731 sunt,
1267 3662 1383 3734 quaestio
1406 3661 1530 3721 babetur.
1543 3665 1578 3722 tt
1591 3667 1716 3743 plerique

66 3753 216 3812 llerculium
239 3755 381 3828 aegerrime
396 3752 566 3810 traduxisset.
586 3771 597 3807 r
613 3751 721 3826 (riurei.
742 3750 807 3808 Viti.
832 3751 865 3808 de
914 3771 1010 3814 omnes
1021 3755 1123 3815 diserte
1136 3755 1274 3812 ailrrmant
1284 3755 1492 3824 Diocletianum,
1505 3767 1534 3815 et
1545 3759 1590 3816 alii
1602 3762 1713 3833 quidem

67 3847 171 3918 Germ,
193 3849 238 3906 ιιι
264 3850 296 3904 de
323 3847 433 3920 Dioei.)
453 3846 507 3906 Sed
530 3846 628 3906 ibidem
657 3845 757 3920 adiecit
784 3845 864 3903 ailam
915 3850 992 3910 senio
1014 3861 1043 3909 et
1061 3850 1185 3924 eorporis
1205 3849 1363 3907 indrmitate
1374 3849 1563 3920 debilitatum,
1583 3853 1629 3910 alii
1649 3870 1715 3914 tero

67 3943 171 4014 quidem
181 3943 296 4001 aliorum
312 3941 381 4012 ,sed
394 3941 490 3999 laisum
510 3957 572 3999 esse
586 3941 758 4013 opinionem,
771 3955 864 4000 reram
916 3945 1029 4019 integris
1050 3945 1140 4002 adbuc
1161 3945 1284 4012 viribus,
1309 3959 1342 4001 ac
1367 3944 1563 4013 valentiorem,
1589 3948 1662 4004 ultro
1682 3964 1716 4008 ae

67 4045 154 4095 autem
173 4053 234 4096 eam
259 4037 311 4095 sibi
334 4035 436 4106 rideri,
451 4051 504 4109 qut
521 4035 704 4094 Diocletianus
721 4035 865 4094 excellenti
916 4048 1014 4114 sponte
1026 4055 1093 4109 sua,
1109 4039 1239 4112 nulloque
1250 4037 1305 4095 aiio
1316 4049 1446 4111 cogente,
1462 4039 1619 4111 deposuisse
1629 4043 1715 4115 irnpe-

68 4140 157 4189 natura
172 4131 302 4205 praeditus
312 4131 345 4190 ad
357 4146 527 4188 communem
541 4132 634 4200 uitam,
648 4139 739 4204 spreto
751 4130 864 4200 ambitu,
917 4131 997 4190 rium.
1012 4134 1048 4189 ιι
1057 4132 1116 4189 boec
1125 4132 1217 4204 opinio
1229 4131 1308 4202 plane
1321 4131 1484 4203 penitusque
1492 4131 1650 4190 adrumatur
1661 4134 1713 4194 Ce-

67 4224 237 4285 descendisse
270 4224 435 4284 tradebatur.
463 4223 520 4282 Nec
545 4224 591 4282 iiie
618 4224 715 4296 igitur,
745 4235 795 4280 nec
820 4222 866 4279 alii
916 4225 972 4283 ciiii
982 4225 1196 4297 verbis,quibus
1209 4223 1508 4297 apertissimedeolarat
1520 4225 1714 4288 Diocletianum

69 4317 176 4391 hujusce
191 4319 326 4393 opinionis
340 4329 508 4388 assertores,
527 4317 752 4376 existimauerunt
761 4317 866 4375 uiolen·
917 4327 979 4390 post
989 4315 1091 4375 Galerii
1104 4316 1207 4383 minas,
1221 4316 1470 4389 moguntiensium,
1485 4331 1518 4374 ae
1529 4321 1717 4389 genteiuudene

69 4415 119 4468 ιιιι
140 4423 186 4472 aut
211 4423 331 4472 coactam
357 4413 440 4472 luisse
463 4413 620 4472 Diocletiani
645 4411 867 4485 abdicationem,
918 4412 953 4470 ab
966 4412 1137 4484 imperatoris
1152 4411 1282 4483 dignitate
1296 4409 1422 4467 cessisse.
1437 4411 1552 4485 Quoquo
1564 4416 1638 4472 enlm
1657 4433 1718 4477 mo·

69 4505 122 4563 siue
135 4517 245 4582 propter
259 4508 464 4576 infirmitatem,
484 4507 544 4566 aire
568 4515 679 4579 propter
698 4505 798 4565 Galerii
812 4519 867 4565 mc·
918 4510 954 4566 do
974 4507 1092 4582 gemitus
1104 4515 1133 4564 et
1154 4506 1289 4580 iacrymas
1307 4504 1436 4563 ιιιιιιιιιι
1449 4505 1564 4578 dicatur,
1580 4512 1642 4583 quis
1663 4511 1716 4571 sibi

71 4607 138 4658 tum.
877 4583 995 4661 Dioclis
1009 4601 1180 4674 persuadebit
1193 4616 1225 4657 ea
1241 4600 1325 4657 luisse
1338 4600 1456 4657 bontinis
1469 4616 1524 4658 non
1538 4615 1643 4676 coacte,
1666 4605 1716 4665 sed

103 4695 247 4769 Eutropius
259 4710 327 4755 vero
339 4703 432 4753 uultui
451 4693 525 4770 (Eut.
541 4693 618 4752 Bret-
635 4693 696 4750 idti-
723 4691 801 4750 llum·
815 4691 862 4748 ιιι·
917 4697 988 4756 ultro
1000 4696 1171 4768 libenterque
1180 4694 1303 4752 cedentis
1322 4693 1441 4752 indiciai
1453 4695 1540 4754 Porro
1554 4709 1643 4757 autem
1658 4701 1716 4758 sin-

72 4800 95 4844 tr
109 4785 119 4861 ι
134 4789 329 4848 Diocletianum
348 4789 482 4862 imperio,
495 4789 539 4847 cui
554 4787 674 4861 regendo
688 4786 821 4845 sentiebat
835 4801 865 4844 so
914 4791 984 4849 ceris
997 4789 1121 4848 ueritatis
1145 4786 1348 4860 indagatoribus
1369 4789 1569 4846 decernendum
1588 4791 1717 4864 relinqui·

70 4879 212 4955 imparem,
225 4885 342 4943 cessisse
355 4899 480 4941 unacum
494 4881 640 4953 lierculio,
659 4881 702 4939 cni
726 4881 752 4938 id
764 4889 863 4950 autea,
915 4902 975 4943 tuus
988 4898 1077 4943 utrum
1090 4884 1265 4954 Lactantius,
1279 4883 1326 4957 qui
1341 4893 1397 4941 tum
1417 4883 1581 4942 Nicomediae
1593 4899 1716 4944 commo·

71 4975 115 5032 sed
128 4993 197 5051 augre
214 4987 397 5050 persuaserat.
411 4976 495 5034 Vides
510 4977 592 5050 igitur
605 4991 685 5048 quam
702 4984 796 5048 aperte
809 4983 866 5031 tes·
916 4980 1038 5047 robatur,
1053 4987 1107 5035 tam
1129 4978 1203 5046 alto,
1225 4992 1259 5035 ac
1270 4977 1403 5046 cecilius,
1419 4977 1597 5035 uoluntariam
1609 4975 1717 5038 Diocle·

72 5077 139 5128 tetur
151 5072 302 5147 depositam
319 5079 416 5146 sponte
430 5080 459 5130 et
484 5071 584 5130 ultroa
599 5069 768 5130 Diocletiano
779 5069 865 5144 impe·
916 5075 983 5132 tiani
996 5073 1194 5132 abdicationem
1207 5073 1316 5130 silentio
1327 5070 1557 5146 praetermisisset.

72 5161 162 5222 tialem
175 5181 333 5240 purpuram.
1214 5183 1362 5225 aurrcucns
1381 5182 1419 5224 tx.

105 5255 264 5318 Eumenium
278 5267 367 5317 tamen
382 5256 474 5332 (Eum.
495 5258 595 5332 Puueg.
620 5259 765 5329 coartare,
778 5257 792 5330 ι
807 5256 841 5314 ι5
856 5259 867 5330 ι
921 5261 971 5322 [ιιι
980 5273 1006 5322 et
1019 5264 1146 5338 quomodo
1154 5262 1334 5320 Diocletianus
1347 5258 1521 5316 utrumnum
1533 5257 1646 5315 induerit
1656 5273 1719 5330 pur-

72 5345 93 5402 si
106 5348 185 5421 velis,
200 5350 295 5410 audies
309 5351 389 5424 louge
411 5350 511 5408 clarius
527 5351 703 5424 loquentem:
717 5372 727 5407 t
746 5353 782 5408 lt
794 5352 867 5409 onim
956 5375 1038 5434 pura,
1052 5375 1177 5431 cumque,
1189 5374 1220 5414 uc
1244 5356 1384 5422 smmum,
1399 5354 1504 5426 repulso
1529 5351 1719 5425 Constantino,

73 5438 186 5502 divinum
201 5486 209 5513 ,
227 5465 238 5501 r
255 5444 359 5518 inquit,
377 5463 387 5498 t
406 5445 480 5502 illum
495 5444 603 5514 riuum,
621 5464 632 5500 ι
648 5445 865 5516 Diocletianum,
956 5449 1071 5507 coerorer
1085 5450 1269 5506 renuntiaverit
1280 5465 1289 5516 ;
1302 5457 1389 5502 etrum
1400 5461 1460 5502 erre
1472 5445 1505 5500 sit
1518 5461 1547 5500 ee
1558 5445 1590 5500 tle
1607 5460 1635 5500 re
1646 5443 1720 5502 deei-

75 5550 85 5587 ι
102 5537 144 5604 qui
156 5540 258 5610 primus
269 5538 410 5610 imperium
425 5545 453 5595 et
463 5536 632 5609 participarit
644 5549 671 5594 et
686 5539 774 5609 posuit
786 5580 793 5604 ,
805 5552 868 5595 con·
957 5543 985 5599 tu
1001 5543 1104 5617 opinio,
1119 5557 1192 5614 quun
1201 5539 1228 5596 iu
1237 5540 1320 5596 locum
1333 5536 1527 5602 Diocletianus,
1544 5534 1659 5609 deposito
1670 5537 1721 5593 lot.

73 5626 122 5686 eiiii
140 5632 237 5689 etiactl
249 5632 290 5689 sui
302 5646 355 5689 nou
371 5631 503 5703 poenitet,
520 5629 705 5690 necamisisse
726 5647 757 5688 se
769 5640 865 5702 putat,
956 5634 1044 5707 perio,
1059 5651 1113 5692 sese
1125 5634 1264 5704 receperit,
1279 5639 1304 5686 et
1319 5628 1364 5686 uli
1378 5628 1508 5697 tinnire,
1533 5643 1563 5685 eo
1577 5635 1720 5703 proteus,

74 5723 142 5794 qnod
162 5735 258 5798 sponte
272 5724 452 5792 transscripsit.
472 5741 481 5777 r
504 5723 574 5792 Qttin
590 5721 670 5780 etiam
700 5723 746 5780 ille
767 5721 866 5781 ibidem
956 5725 1042 5798 sortus
1054 5725 1087 5782 sit
1101 5726 1251 5795 imperator.

75 5811 293 5876 innuiteumdem
305 5807 497 5889 inperatorem
520 5815 594 5888 prius
609 5829 672 5874 uum
692 5813 819 5874 ilerouliu
838 5817 867 5876 in
956 5818 1022 5878 l'ost
1042 5824 1222 5878 memoratum
1249 5813 1383 5888 superiori
1406 5811 1521 5872 articulo
1533 5806 1723 5894 colloquium,
