4017 6350
261 300 315 361 865
980 304 1025 363 LE
1042 304 1197 366 nonunt.
1852 321 1894 379 iii

261 419 415 494 ungnidns,
426 422 471 496 qui
481 421 536 496 ium
548 420 702 484 Maximiani
714 422 978 499 littemsacoeperat,
993 428 1061 484 seri·
1073 430 1101 493 Α
1113 427 1277 497 identidem,
1296 433 1324 485 et
1342 428 1388 486 ubi
1408 429 1526 489 manime
1538 444 1610 504 opus
1621 439 1697 499 erat,
1714 432 1843 505 loquentis
1853 436 1894 491 in-

262 516 352 575 bcntis
366 532 541 591 quecumque
555 518 660 578 locutus
676 518 778 577 luisset.
795 537 806 573 ι
822 520 896 591 Quis,
905 536 954 578 oro
969 530 1006 589 te,
1017 521 1063 578 bic
1115 521 1248 595 peratoris
1258 536 1357 578 nomen
1370 520 1510 593 adjicere?
1524 524 1594 594 Quid
1607 524 1662 581 boc
1670 534 1768 581 contra
1780 530 1895 583 sermonis
1982 513 1983 562 3

262 607 500 681 Maximianus,et
510 628 571 687 quae
585 616 691 673 locutus
703 616 855 674 eratllion
871 617 1003 691 intelliges
1016 633 1063 675 sa·
1113 614 1290 683 brevitatem,
1310 617 1483 687 quantumvis
1506 616 1670 689 exquisitam
1696 615 1829 674 lacielntl
1852 622 1896 678 Sed
1982 635 1983 648 ¹

264 720 315 773 ue,
331 706 383 762 nisi
406 708 526 764 animum
549 706 583 765 ad
606 723 638 766 eu
657 708 800 778 reiectas,
814 726 875 781 quse
897 720 976 767 antes
991 711 1062 767 dicta
1114 706 1169 764 tale
1182 708 1276 778 procul
1287 708 1369 765 dubio
1379 708 1541 767 eratCecilii
1554 711 1706 782 ingenium,
1717 712 1789 783 quod
1799 712 1896 785 abipso,

264 796 535 865 inerant,Gslerium
557 800 633 872 prius
651 800 805 860 condixisse
818 819 879 861 cnm
901 803 1064 861 Maximiano
1113 798 1233 855 sicultb
1251 798 1324 866 aliis,
1343 799 1486 857 scribendo
1507 802 1640 873 proditur.
1662 801 1723 859 b‘on
1745 804 1815 860 male
1831 805 1899 875 igitur

264 888 400 959 llerculio,
415 906 496 962 quem
521 892 620 965 injecto
634 909 770 952 armorum
785 896 904 953 cirillum
918 908 992 955 metu
1006 906 1063 955 ter-
1114 892 1225 965 quidum
1248 908 1299 950 nos
1321 892 1462 951 admonuit
1485 904 1609 951 nostrum
1636 905 1779 953 auctorem
1802 895 1898 955 inilltl

262 989 363 1039 ruerat.
383 982 475 1057 Pergit
487 983 587 1044 deinde
600 986 717 1045 cecilius
731 1005 740 1045 τ
755 1008 764 1043 ι
779 989 815 1047 Et
827 990 960 1049 didicerat
970 992 1064 1064 augeri
1114 986 1245 1045 orationis
1263 986 1360 1044 titium
1372 984 1511 1058 incidisse,
1528 988 1601 1059 quud
1623 998 1736 1047 notatur
1748 988 1802 1047 ltuc
1812 989 1900 1049 lloritii

263 1075 298 1131 ab
320 1090 354 1131 eo
379 1078 547 1147 exereitum,
573 1078 798 1150 lacrymabundus
812 1101 819 1139 ε
832 1074 905 1151 Fiat,
927 1086 1065 1157 inquit,si
1114 1080 1255 1141 carmine:
1983 1075 1984 1080 ’

263 1166 316 1225 buc
333 1168 431 1237 placet.
452 1170 600 1243 Supererat
613 1182 642 1229 ut
656 1177 791 1231 cummuni
816 1176 929 1234 consiliu
943 1178 1065 1235 omnium
1531 1173 1622 1226 Brevis
1632 1174 1799 1241 mm,

263 1258 387 1321 cesares
409 1264 601 1337 legerentur.»
627 1266 746 1336 Quorum
771 1270 912 1327 omnium?
935 1270 1002 1329 Num
1029 1272 1065 1331 de
1162 1255 1289 1309 ⁰h⁵⁰⁰m⁸
1298 1257 1339 1311 ⁰⁰·

265 1354 325 1411 solo
341 1354 505 1415 Maximiano
519 1357 646 1416 llcrcnliu
665 1360 824 1431 jamdudum
838 1364 1002 1421 mentionem
1022 1363 1065 1422 le·
1408 1344 1532 1418 (filim-2
1542 1345 1574 1401 ‘¹⁶
1587 1346 1651 1401 ‘¹5⁸0
1661 1353 1745 1417 lm·
1758 1360 1785 1398 ⁰·
1800 1342 1858 1414 ²5·)

264 1458 351 1505 cerat.
373 1447 410 1505 At
432 1450 565 1523 ambiguis
579 1451 622 1509 bis
642 1453 755 1510 vocibus
774 1452 892 1513 Cecilins
913 1456 1066 1529 designarit
1116 1458 1153 1516 it
1170 1459 1231 1533 quis
1250 1474 1378 1532 nmquam
1391 1458 1419 1517 in
1432 1460 1543 1531 scriptis
1555 1458 1692 1515 Lactantii
1710 1456 1782 1514 illud
1801 1466 1853 1513 tam
1865 1459 1908 1515 ab·

266 1542 476 1612 Diocletianum,
491 1554 640 1617 ¹utriunque
660 1547 868 1619 Maximianum,
889 1550 1064 1623 Memmium,
1116 1566 1204 1610 scurae
1216 1560 1246 1611 et
1262 1552 1556 1627 annmtmbreeitatis
1570 1554 1666 1609 riuum
1678 1566 1811 1625 nmquam
1821 1551 1907 1622 depre-

266 1642 296 1693 et
317 1636 471 1706 Galerium,
485 1652 517 1697 ac
531 1638 738 1711 Constantium,
760 1641 794 1701 de
807 1655 862 1715 quo
884 1642 942 1717 jam
954 1658 971 1701 a
983 1644 1067 1719 lungo
1116 1644 1230 1703 benditl
1243 1646 1317 1704 llibil
1341 1646 1463 1720 prolecto
1485 1646 1648 1719 eloquentia
1664 1653 1694 1702 et
1714 1646 1909 1717 perspicuitati,

267 1739 388 1804 tempore
402 1741 531 1791 tacuerat.
1117 1739 1146 1796 in
1157 1741 1217 1812 ejus
1227 1740 1305 1798 libris
1314 1740 1350 1799 ab
1361 1741 1499 1811 omuibus,
1512 1740 1553 1797 uti
1566 1738 1633 1796 alibi
1645 1737 1834 1803 ostendimus,
1843 1738 1911 1807 agni·

301 1826 356 1884 Sed
368 1830 514 1890 Auctorem
529 1840 650 1891 nostrum
670 1848 825 1907 sequamur,
841 1834 888 1909 qui
902 1836 937 1893 ad
956 1835 1064 1894 institu·
1078 1845 1103 1908 Β
1117 1842 1151 1892 te
1163 1836 1250 1907 magis
1262 1835 1415 1909 oppositum
1428 1834 1551 1909 (ilium.
1564 1834 1593 1890 in
1605 1832 1682 1891 beet.
1697 1850 1759 1903 rap.
1773 1848 1801 1901 t,
1813 1842 1864 1888 ert.
1876 1834 1911 1900 ι).

266 1926 323 1977 tum
336 1921 472 1997 dialogum
484 1928 655 1986 continenter
667 1926 923 1999 bunequerediitin
938 1928 1065 1987 modum:
1153 1927 1224 1997 Quid
1243 1943 1309 2001 ergo
1332 1928 1478 1986 recentiori
1499 1927 1608 1987 cuidem
1620 1927 1751 1999 scriptori
1769 1925 1912 1997 behemi

267 2012 337 2081 Quid
350 2031 416 2087 opus
427 2026 464 2075 est
475 2021 592 2089 consilio,
606 2037 666 2077 cum
689 2023 723 2077 sit
738 2024 850 2091 {mestre
868 2022 922 2077 illis
948 2022 1065 2092 duobus,
1118 2019 1181 2078 dum
1198 2020 1264 2077 illud
1277 2020 1389 2079 lectoris
1404 2020 1523 2095 indagini
1536 2020 1676 2093 relinquit,
1688 2022 1748 2091 ipse
1758 2028 1850 2075 tamen
1859 2034 1914 2090 pro-

266 2106 311 2179 qui
335 2122 388 2167 nec
409 2108 447 2167 ibi
468 2112 652 2193 nominantur,
668 2113 768 2184 placere
778 2113 903 2186 quidquid
918 2130 964 2171 nor
976 2116 1068 2188 {eseri—
1118 2115 1211 2173 luetur
1224 2130 1255 2173 se
1265 2114 1331 2175 nibil
1348 2125 1405 2173 toto
1418 2114 1471 2173 boc
1484 2116 1512 2172 in
1532 2114 1594 2173 loco
1611 2113 1837 2186 deprehendisse,
1851 2112 1914 2168 lac·

266 2218 333 2257 ntur.
350 2201 390 2258 iio
405 2204 491 2274 plone.
506 2204 577 2261 Nom
600 2206 705 2263 illorum
719 2206 788 2278 ilict
810 2210 955 2280 nuncupari
966 2226 1069 2266 necere
1119 2210 1203 2269 mutio
1224 2212 1384 2285 indignum?
1404 2210 1459 2269 Gur
1472 2211 1546 2267 enim
1568 2210 1679 2267 lectoris
1697 2209 1804 2281 iudicio
1822 2206 1851 2265 id
1867 2218 1917 2263 sta-

266 2302 315 2351 est.
336 2296 483 2368 Cuiusnam
506 2300 564 2357 baec
589 2309 652 2356 sunt
671 2301 778 2358 verba?
794 2302 835 2357 dn
851 2304 930 2359 unius
945 2302 1068 2359 tarrtnml
1120 2303 1249 2371 tuendum
1268 2303 1406 2376 relinquit,
1416 2301 1488 2375 qnod
1503 2302 1549 2360 ille
1558 2317 1608 2359 suo
1617 2302 1813 2373 preoccupati
1825 2300 1916 2357 nonne

267 2384 439 2460 ilentiquem.
454 2390 548 2449 Priora
562 2392 635 2449 enim
659 2402 721 2450 sunt
745 2392 863 2461 Galerii,
878 2404 906 2453 et
920 2396 1069 2467 posteriora
1120 2400 1211 2472 potius
1228 2398 1345 2457 debebat
1364 2396 1498 2455 sinceram
1511 2404 1671 2468 exspectare
1685 2394 1797 2453 lectoris
1810 2403 1918 2452 senun-

269 2478 444 2554 Diocletiani,
459 2486 505 2557 qui
528 2485 554 2543 ci
580 2487 744 2562 respondet;
767 2488 918 2563 ltassplmte.
939 2490 1007 2547 Tum
1033 2490 1069 2547 ibi
1120 2494 1202 2563 uam,
1215 2493 1344 2565 adquam
1359 2507 1409 2549 nos
1429 2499 1576 2563 provocat,
1595 2504 1630 2547 ac
1651 2504 1703 2547 nos
1720 2488 1840 2544 vicissim
1859 2503 1917 2544 enm

268 2574 418 2651 interrupto
439 2580 529 2637 adbuc
552 2581 846 2657 relinquemusque
867 2599 960 2641 rursus
980 2584 1069 2642 collo·
1120 2600 1309 2657 provocamus.
1322 2582 1346 2641 A
1360 2584 1482 2656 quolibet
1490 2592 1593 2651 autem,
1606 2582 1652 2639 eui
1664 2580 1809 2654 μοιοιιιιιιι
1819 2580 1917 2647 iicebit,

267 2672 375 2742 quentis
398 2670 467 2729 lacta
491 2674 647 2745 mentione,
665 2674 783 2733 cecilius
810 2676 850 2735 sic
877 2678 1069 2751 prosequitur:
1121 2678 1175 2737 lroc
1186 2678 1265 2735 unice
1278 2678 1408 2751 petimus,
1419 2685 1449 2733 ut
1462 2676 1534 2733 bunc
1551 2674 1664 2741 librum,
1674 2671 1851 2747 quantumvis
1862 2672 1920 2725 brr-
1984 2735 1985 2764 1

272 2784 283 2821 ι
300 2766 370 2837 Quid
381 2782 448 2841 crgo
462 2768 509 2827 det
519 2771 531 2825 ι
543 2786 569 2829 u.
582 2770 641 2840 lile,
663 2773 760 2846 inquit,
775 2774 872 2847 diguus
887 2784 1005 2833 nonest.
1019 2774 1072 2847 Qui
1120 2790 1199 2842 tem,
1212 2790 1275 2831 cum
1297 2787 1385 2845 nuper
1396 2771 1469 2830 edita
1484 2786 1501 2827 a
1517 2769 1676 2828 doctissimo
1691 2765 1785 2824 l’dalio
1808 2766 1920 2822 immari-

268 2863 340 2921 cnim
356 2877 400 2921 me
414 2865 536 2937 privatus
549 2866 731 2939 contempsit,
745 2868 810 2941 quid
834 2868 931 2938 iaciet,
946 2884 1007 2926 eum
1021 2870 1072 2925 im·
1122 2868 1258 2928 denorum
1287 2883 1401 2943 operum
1432 2865 1549 2923 breviori
1579 2864 1707 2935 Epitome
1729 2876 1808 2933 aequo
1830 2860 1921 2917 animo
1984 2881 1985 2912 i

268 2956 374 3028 perium
387 2958 544 3031 acceperit?
559 2974 586 3017 n.
601 2958 652 3017 llic
668 2975 734 3019 veru
747 2970 775 3019 et
787 2960 911 3019 amabilis
924 2970 976 3031 est,
991 2962 1073 3019 etita
1122 2979 1286 3037 componere
1307 2962 1388 3029 velit,
1408 2974 1441 3018 ae
1455 2958 1509 3017 nisi
1524 2958 1665 3015 nobiscnm
1689 2962 1821 3027 agnoscat
1845 2952 1921 3007 valde
1984 3025 1985 3028 Ἴ

271 3050 470 3125 imperaturns3
482 3062 511 3109 ut
522 3062 599 3127 patre
613 3069 663 3113 suo
676 3054 771 3115 melior
783 3065 812 3115 et
824 3056 985 3115 clementior
995 3058 1073 3130 judi·
1122 3055 1282 3115 dissimilem
1295 3070 1356 3114 esse
1371 3053 1509 3128 utriusque
1522 3054 1640 3125 stpiuns,
1657 3058 1713 3107 tum
1743 3048 1783 3105 illi
1801 3047 1921 3104 lubenter
1984 3075 1985 3086 ι

268 3155 354 3206 cetur.
378 3163 403 3206 c.
432 3147 470 3204 lta
485 3146 547 3216 liet,
564 3157 594 3207 ut
615 3164 666 3224 ego
687 3165 743 3209 non
766 3152 868 3224 possim
890 3152 994 3221 iacere,
1012 3169 1073 3224 quai
1124 3151 1336 3210 subscribemus.

269 3239 362 3296 uelim.
378 3239 431 3295 Eos
446 3240 528 3320 igitur
540 3248 649 3314 oportet
662 3244 814 3314 nominari,
834 3245 881 3318 qui
899 3244 995 3302 sintin
1010 3249 1107 3314 meac
1158 3245 1265 3304 Scimus
1287 3244 1396 3317 quidem
1414 3243 1449 3300 ab
1470 3254 1526 3298 nno
1544 3237 1697 3310 ende-que
1717 3237 1855 3306 scripture
1877 3249 1922 3306 pro

269 3340 415 3404 potestate,
439 3335 485 3406 qni
509 3335 638 3406 timeant,
653 3339 699 3409 qui
724 3337 792 3396 nibil
814 3339 929 3410 iaciant,
944 3339 996 3397 nisi
1012 3356 1075 3398 meo
1123 3348 1344 3410 argumentorum
1366 3346 1395 3396 et
1416 3332 1634 3394 lucubrationum
1660 3330 1819 3387 diversitate
1846 3344 1922 3383 suun

266 3423 354 3496 jussu.
379 3440 406 3482 n.
424 3425 498 3497 Qttus
519 3443 584 3501 ergo
608 3428 756 3488 iaciemus?
771 3447 797 3490 n.
814 3431 960 3503 Seuerum,
974 3434 1073 3506 inquit.
1124 3435 1224 3491 variari
1237 3433 1346 3492 dicendi
1362 3447 1460 3506 genus,
1475 3441 1556 3501 atque
1570 3427 1642 3484 aliud
1657 3441 1720 3484 esse
1733 3429 1760 3481 ln
1774 3423 1923 3482 scribendis

270 3532 297 3574 n.
313 3517 427 3576 illumne
440 3519 615 3591 saltatorem,
642 3523 834 3594 temulentum,
857 3527 1014 3595 ebriosum,
1029 3529 1074 3586 eui
1124 3527 1257 3596 bistoriis,
1268 3515 1342 3584 a'liud
1352 3527 1380 3581 in
1390 3522 1523 3596 epistolis,
1534 3519 1608 3576 alind
1619 3519 1647 3575 in
1659 3516 1840 3579 orationibus,
1854 3515 1923 3570 aliud

270 3626 323 3669 nox
339 3626 388 3682 pru
401 3612 461 3678 die,
481 3624 509 3669 et
522 3615 581 3672 dies
604 3629 653 3688 pro
677 3618 817 3676 nocteiu.
834 3619 951 3692 liignus,
966 3619 1072 3692 inquit,
1124 3620 1153 3677 in
1174 3621 1318 3693 polemicis
1341 3617 1577 3691 disputationibus.
1602 3613 1658 3673 Sed
1680 3613 1774 3670 nullus
1798 3611 1923 3682 scripisse

270 3705 397 3777 quoniam
417 3705 547 3764 militibus
560 3707 676 3766 ildeliter
694 3709 826 3780 prebuit,
841 3719 943 3768 etcum
958 3712 1021 3768 misi
1036 3713 1071 3769 ad
1124 3714 1169 3786 qui
1180 3716 1252 3772 sicut
1264 3713 1422 3770 Lactantius
1432 3709 1598 3782 eloquentia,
1610 3716 1639 3764 et
1649 3707 1767 3764 clarem
1785 3705 1925 3776 perspicue

270 3805 476 3875 Maximianum,
497 3816 527 3862 ut
545 3807 580 3864 ab
600 3821 634 3864 en
653 3806 789 3865 induatur.
811 3825 838 3864 n.
860 3808 935 3866 Esto.
951 3809 1074 3868 Alterum
1123 3808 1231 3866 dicendi
1253 3807 1339 3881 gratia
1355 3805 1474 3878 polleat,
1492 3805 1520 3860 in
1535 3803 1591 3859 ulla
1610 3816 1660 3858 sua
1675 3800 1879 3866 lucubratione,
1899 3799 1923 3852 ia
1985 3886 1986 3899 χ

270 3915 350 3971 quern
370 3901 470 3960 dabis?
490 3917 515 3959 n.
539 3901 627 3970 llunc,
642 3902 741 3976 inquit,
755 3903 900 3962 ostendens
921 3905 1013 3963 [laium
1016 3947 1073 3963 .....
1124 3917 1177 3974 qua
1196 3902 1279 3960 etiam
1292 3900 1474 3971 aliud,quam
1488 3898 1517 3954 in
1539 3897 1612 3964 aliis,
1626 3901 1819 3968 argumentum
1837 3907 1923 3964 quan·

271 3995 352 4052 iidem
366 4011 472 4052 summa
485 3998 617 4070 religione
638 3999 794 4071 prestabat.
815 4016 842 4056 u.
864 4000 930 4070 Quis
949 4010 991 4059 est
1010 4001 1073 4073 bic,
1125 3995 1250 4053 tumliltet
1267 3994 1406 4051 diversum
1421 3991 1611 4064 pertrectavit,
1626 3989 1662 4046 sb
1676 3986 1812 4061 eleganti,
1834 3987 1924 4058 planu

271 4104 351 4160 quem
366 4089 431 4145 mibi
446 4089 548 4148 cilensi
562 4107 588 4149 c.
605 4092 691 4162 Meus,
708 4093 805 4166 inqttit,
816 4092 915 4150 alltnis.
933 4111 961 4151 n.
977 4094 1073 4152 Atilio
1126 4099 1154 4146 et
1163 4101 1256 4161 aperto
1277 4090 1376 4162 ubique
1389 4087 1527 4146 scribendi
1540 4100 1642 4160 genere
1654 4083 1691 4142 ed
1704 4091 1812 4140 tuntum
1830 4081 1925 4140 obsti·

271 4183 458 4253 gcmebnndus
471 4185 564 4252 silon,
583 4185 684 4260 inquit,
705 4202 753 4244 eos
775 4187 898 4244 immines
920 4188 986 4244 mibi
1006 4189 1072 4260 das,
1126 4182 1215 4239 filulis
1227 4181 1322 4239 vllium
1337 4195 1464 4254 ”minim
1478 4179 1600 4252 dil²l1⁵¹¹⁸
1611 4186 1665 4236 ⁶⁸²·

271 4277 370 4345 quibus
386 4277 471 4334 tutela
485 4278 642 4349 reipublicae
660 4281 792 4336 committi
808 4282 901 4352 possit.
917 4298 944 4338 u.
958 4282 1076 4341 Probuvi
1161 4273 1297 4342 Quosdam
1309 4283 1399 4332 13111011
1412 4272 1507 4330 3111116
1522 4271 1600 4328 1101115
1619 4268 1745 4325 *imur
1767 4274 1863 4326 ⁰⁰⁰⁰*
1878 4281 1924 4325 ’θ’

272 4381 332 4435 eos,
349 4367 445 4438 inquit.
466 4387 493 4426 n.
516 4370 736 4444 'inviderisqui
759 4373 879 4445 regimen
896 4377 1002 4447 imperii
1015 4391 1077 4433 sus·
1126 4367 1276 4424 dimini&
1297 4364 1387 4438 plura,
1400 4380 1482 4437 lilim
1497 4380 1558 4436 qum
1580 4361 1740 4430 10111111111111,
1753 4360 1781 4416 111
1804 4359 1856 4416 1100
1875 4358 1925 4416 Gi·

273 4465 401 4528 cepturus
412 4475 452 4517 es.
468 4479 478 4514 ι
495 4461 580 4534 Perge
593 4463 692 4534 adbuc,
703 4465 727 4522 si
741 4467 818 4536 velis,
832 4467 897 4524 etin
909 4468 1009 4535 verbis,
1023 4469 1078 4526 lice
1127 4461 1184 4518 cliii
1196 4461 1266 4520 libro
1281 4460 1396 4518 inveniri
1411 4459 1488 4526 1⁰0²·
1505 4458 1551 4514 11111
1563 4456 1610 4515 ille
1622 4457 1698 4514 ⁰¹²l0
1717 4466 1745 4516 ⁶²
1764 4457 1924 4529 perspicite,

273 4551 440 4622 colloquium
452 4553 689 4626 subsequentibus,
702 4557 729 4613 in
746 4557 817 4616 idem
831 4558 919 4618 adbuc
933 4560 1076 4617 obscurio·
1129 4571 1180 4612 nee
1203 4555 1318 4621 minori,
1332 4569 1412 4626 qnam
1438 4551 1591 4609 Firmianus
1611 4549 1770 4607 bacuntius
1793 4547 1925 4606 emmonis

273 4643 312 4700 ris
325 4644 459 4700 sermuuis
470 4645 566 4702 vitium
576 4647 709 4704 odendes.
721 4648 789 4718 Quis
803 4658 905 4718 autern,
920 4651 974 4707 nisi
988 4651 1076 4707 maxi·
1090 4649 1116 4712 D
1128 4646 1261 4718 elegantia
1285 4645 1414 4718 loquitur.
1429 4643 1498 4700 Esto
1517 4657 1594 4700 sane.
1608 4641 1644 4698 At
1663 4642 1757 4714 tregam
1778 4641 1859 4697 etism
1873 4653 1924 4694 non

273 4751 316 4792 rua
330 4737 414 4793 animi
433 4738 608 4796 contentione
627 4739 733 4812 singula
752 4756 865 4813 qnaeque
885 4740 985 4813 dialogi
996 4741 1077 4813 hujus
1128 4751 1219 4813 potest
1232 4742 1259 4796 in
1272 4739 1326 4809 liis,
1340 4737 1519 4811 quaeanonis
1542 4737 1707 4808 transcripta
1727 4743 1807 4802 sunt,
1826 4741 1854 4790 et
1866 4732 1925 4788 aliis

272 4830 354 4886 rerba
375 4831 582 4902 ponderaverit,
605 4831 684 4890 iacile
705 4843 851 4905 agnoscet,
867 4851 926 4906 quae
941 4850 956 4890 a
970 4835 1077 4894 Diocle-
1128 4835 1197 4893 bene
1215 4835 1318 4900 multis,
1332 4843 1435 4890 motam
1454 4847 1516 4890 esse
1542 4831 1663 4889 dilicilis
1680 4839 1710 4887 et
1723 4829 1834 4886 inculte
1849 4829 1922 4884 locu·

273 4925 415 4992 tiauo‚sut
429 4925 538 4984 Galerio
549 4926 621 4983 dicta
636 4928 709 4984 sinti
721 4929 754 4984 Et
767 4937 840 4985 certe
852 4927 902 4986 linc
917 4929 954 4984 ita
965 4928 1076 4986 dilbeile
1128 4927 1209 4985 tionis
1221 4926 1432 4992 obscuritatem
1448 4933 1479 4980 ut
1490 4923 1537 4980 illa
1558 4924 1592 4978 ad
1606 4921 1816 4994 abjudicandum
1830 4934 1846 4975 t
1858 4919 1925 4975 tne-

273 5017 398 5088 plurimis
413 5019 499 5074 risum
516 5019 582 5085 inim
597 5029 626 5076 ut
645 5021 753 5092 quidam
777 5021 806 5077 iu
825 5021 999 5091 editionibus,
1016 5023 1077 5094 qui·
1129 5023 1215 5080 tentio
1229 5022 1301 5079 bunc
1310 5020 1409 5078 librum
1424 5020 1505 5092 plane
1515 5017 1642 5076 sullteist.
1713 5061 1716 5066 .

273 5111 324 5169 bus
347 5113 522 5184 prefuerunt,
537 5115 583 5170 alii
599 5115 626 5172 in
647 5115 703 5173 suis
725 5116 1008 5174 aninrndversioninus
1022 5117 1078 5189 pri·
1164 5115 1199 5172 tit
1217 5124 1293 5172 certe
1312 5128 1366 5185 quo
1380 5110 1600 5183 minuentibus
1620 5109 1753 5178 diximus,
1764 5123 1800 5166 ex
1812 5105 1924 5179 quadam

274 5213 343 5273 mus,
356 5207 394 5263 nti
410 5206 498 5273 tides,
511 5209 628 5264 nominis
639 5209 771 5280 cuiusque
781 5209 952 5281 imperatoris
963 5211 1080 5281 loqucn·
1127 5209 1191 5283 styli
1205 5207 1392 5275 similitudine,
1412 5205 1518 5262 duobus
1531 5203 1559 5261 in
1574 5204 1650 5261 libris
1663 5204 1849 5276 deprebensa,
1863 5213 1924 5256 cou-

274 5302 309 5358 tis
323 5301 437 5366 litteras,
450 5300 610 5374 ejusterbis
631 5301 808 5375 praeligendas
827 5319 889 5361 esse
909 5305 1076 5362 censuerint.
1130 5300 1174 5359 liei
1197 5310 1287 5372 potest
1312 5299 1395 5356 busce
1419 5297 1503 5355 libros
1526 5296 1681 5353 abeodem
1708 5305 1822 5352 auctore
1847 5293 1923 5348 luisse

275 5395 470 5464 etquenam,
491 5410 594 5468 quaeso,
617 5395 713 5452 burum
735 5395 839 5454 additio
861 5398 1029 5468 litterarum,
1050 5407 1079 5456 et
1131 5391 1453 5465 compositumcomng
1471 5405 1506 5447 0¹
1527 5383 1923 5462 11ι11111101ιι111111111111551·

274 5485 357 5542 totius
381 5485 453 5542 illius
477 5485 576 5559 dialogi
596 5487 623 5544 ln
643 5487 715 5544 notis
742 5487 911 5560 descriptio?
935 5487 995 5546 Non
1024 5489 1078 5546 alia
1131 5485 1284 5544 militudine
1301 5494 1377 5542 certo
1389 5482 1584 5556 evidenterque
1595 5483 1725 5555 probatur
1738 5481 1924 5538 diversosetsc

275 5580 465 5652 proculdubio
484 5595 564 5637 causa
580 5581 695 5652 prolerri
715 5590 820 5654 potest,
837 5583 888 5639 nisi
903 5583 965 5654 quia
978 5583 1078 5641 eruditi
1132 5579 1239 5636 lllnrunt
1253 5589 1390 5640 auctores.
1406 5577 1473 5646 Quis
1483 5576 1558 5634 enim
1573 5577 1660 5633 nescit
1684 5575 1756 5630 baud
1770 5573 1853 5631 semel
1865 5585 1923 5626 com

277 5675 328 5729 viri
350 5674 434 5744 prone
456 5672 648 5731 intellexerunt
668 5685 767 5747 quanta
790 5677 825 5732 sit
846 5676 873 5732 in
894 5676 1079 5734 discernendis
1132 5671 1237 5744 tigisse,
1253 5671 1413 5742 ntseriptor
1433 5671 1531 5742 aliquis
1551 5669 1633 5724 alium
1650 5669 1686 5722 ita
1703 5667 1823 5722 initurus
1837 5667 1885 5726 siu
1898 5667 1924 5716 nt

278 5767 486 5835 colloquentium
511 5768 705 5837 imperatorum
726 5769 816 5826 serbis
836 5768 992 5826 tlillieultas.
1004 5769 1077 5837 Quid
1132 5769 1230 5825 eodeni
1248 5768 1327 5838 plane
1340 5766 1421 5823 modo
1436 5765 1520 5822 latine
1530 5765 1672 5836 scripsisse
1686 5762 1827 5820 uideatur?
1840 5760 1923 5816 Nonne

280 5865 368 5916 tamon
382 5861 416 5916 ad
434 5875 494 5917 eam
508 5859 615 5931 penitus
631 5863 777 5925 tollendam
792 5863 898 5922 facilius
912 5875 987 5933 eret,
998 5880 1080 5937 quaxn
1132 5861 1230 5934 aliqui,
1254 5875 1285 5917 ae
1308 5862 1444 5933 praecipue
1465 5858 1587 5930 eiusdem
1600 5857 1688 5918 etatis
1709 5855 1854 5927 scriptores
1867 5850 1921 5907 lati·
