4017 6350
319 376 374 437 ost
1022 370 1237 430 rnnnnnnr.
1893 378 1929 439 eq

321 494 397 567 cuitu
412 492 435 551 oi
450 492 481 548 dc
493 492 584 549 rrrerrtis
598 496 729 546 rucctatu
743 488 855 545 dimotus
868 495 915 544 est.
929 484 1121 544 Constantinus
1133 496 1161 558 Α
1172 486 1286 545 mortale
1311 486 1422 545 iaceret.
1443 506 1452 541 r
1469 486 1523 546 Sed
1546 487 1715 546 contendunt
1737 490 1841 562 quidam
1863 493 1931 555 irata

323 586 473 662 (Constant,
485 585 576 659 llopn.
591 583 665 640 Drot.
675 582 710 638 od
720 582 812 641 Donet.
824 581 903 649 Get..
914 596 972 653 cop.
984 579 1021 637 25
1032 579 1044 655 )
1057 595 1123 638 roro
1174 577 1263 637 Plinio
1281 578 1353 637 dicta
1363 621 1372 649 ,
1384 590 1413 638 ct
1434 593 1559 653 perorata
1575 581 1677 649 inisse,
1690 585 1816 656 quoniam
1835 586 1932 661 irajams

321 680 433 752 llaqnus
447 678 607 735 testificator
619 676 695 731 illurn
717 684 779 747 post
792 682 913 731 cruente
926 673 1124 745 persecutionis
1163 679 1229 729 'tres
1242 686 1350 731 menses
1364 688 1427 731 cum
1440 674 1527 730 iicrra
1547 675 1699 748 imperarit
1723 676 1821 734 Contra
1834 696 1887 737 rem
1903 686 1932 743 all

320 773 469 839 sevitiam,
485 779 592 827 suamet
613 768 746 825 seruientia
773 765 946 833 damnatum,
964 763 1006 821 διὰ
1019 769 1065 825 ria
1078 772 1125 826 τῆς
1174 774 1273 838 urgent
1296 765 1423 823 eumdem
1448 766 1564 823 Plinium
1586 767 1681 824 Tacito
1717 770 1854 841 scripsisse
1873 779 1934 835 sem

320 866 466 942 ἀφροσύνης
480 861 587 936 pidem,
600 858 630 915 oi
646 859 754 915 insanior
776 858 883 925 uitium,
906 865 934 913 et
947 856 992 912 rili
1008 854 1124 930 quodam
1174 857 1271 914 eodem
1280 857 1367 914 Nerva
1380 900 1388 928 ,
1401 860 1447 931 qui
1453 861 1511 933 joar
1524 862 1639 934 priootnr
1651 872 1724 927 erat,
1738 862 1801 919 ideo
1813 866 1932 939 laudann¹

319 957 457 1015 domicilio
469 958 616 1026 inclusum,
632 956 765 1013 scelerum
777 968 888 1011 suorum
898 952 1007 1012 dedisse
1019 968 1123 1026 poenas.
1174 952 1247 1024 quod
1262 952 1289 1008 in
1303 952 1386 1007 Dalii
1402 952 1523 1009 Dessrca
1552 953 1705 1011 Domitiano
1730 954 1759 1011 in
1774 958 1874 1012 exilium
1885 962 1931 1031 puli

318 1052 375 1111 Nec
387 1052 505 1121 desunt,
521 1052 566 1125 qui
590 1052 738 1123 opinantur
760 1048 886 1107 eumdem
908 1046 1123 1117 Diocletianum,
1175 1061 1256 1103 causa
1270 1046 1372 1119 aliquid
1387 1048 1504 1120 antiquis
1517 1047 1607 1105 simile
1618 1047 1739 1105 iecisset.
1752 1051 1789 1105 dt
1808 1056 1934 1123 responden

320 1148 402 1207 tacito
417 1157 507 1205 tamen
522 1146 664 1213 nontrrom
675 1142 871 1219 Clrrysostomo
881 1142 1017 1215 designari
1031 1142 1127 1215 (Ciry-
1175 1139 1221 1195 alii
1234 1138 1303 1196 lianc
1318 1140 1426 1211 quidem
1441 1142 1613 1213 epistolatua
1631 1140 1721 1200 Plinio
1740 1145 1879 1217 scriptam,
1895 1164 1934 1207 ιιι

320 1250 396 1309 ωσι,
412 1241 458 1297 lii.
481 1249 565 1296 contr.
589 1236 665 1294 derit.
688 1246 712 1293 ct
733 1239 765 1293 dc
777 1234 907 1311 Boioi),
936 1236 981 1293 ubi
996 1236 1031 1293 de
1046 1236 1127 1293 uariis
1175 1235 1309 1309 Traianus
1323 1253 1418 1297 reuera
1438 1239 1608 1311 imperalrat,
1633 1240 1682 1297 sed
1696 1256 1763 1297 eum
1784 1241 1851 1313 loqui
1869 1244 1935 1302 dela

321 1342 498 1407 tyrannorum
522 1331 663 1403 suppliciis
685 1330 863 1397 disserendo,
893 1329 991 1387 litteris
1017 1327 1127 1386 tradidit
1177 1328 1261 1385 Dclrii
1279 1329 1376 1388 liessre
1400 1346 1499 1399 causa,
1528 1345 1589 1403 qum
1616 1334 1693 1403 prius
1719 1342 1782 1387 acta
1805 1331 1935 1392 trentam

322 1441 447 1483 onorner
462 1426 494 1483 iis
505 1435 642 1481 mortuum
655 1421 881 1498 essepmiorootl
893 1421 1023 1479 insoniam
1035 1421 1127 1477 redoc-
1176 1421 1278 1479 Christi
1289 1422 1336 1492 os,
1347 1438 1403 1495 quo
1425 1423 1594 1483 Domitianus
1622 1435 1683 1482 crat
1707 1426 1861 1498 imperatur,
1879 1428 1935 1488 derra

322 1530 387 1577 ιιιιιι.
1177 1528 1245 1571 tero
1259 1516 1386 1588 priuatus.

357 1613 394 1669 At
407 1611 604 1682 Diocletianus,
621 1620 650 1667 ιιι
665 1610 761 1667 mortis
784 1624 841 1665 sum
863 1606 1047 1681 suspicionem
1074 1607 1127 1665 lol-
1212 1605 1299 1663 Porro
1311 1616 1401 1664 autem
1414 1617 1545 1679 quantum
1558 1608 1676 1665 olrsoura
1694 1608 1785 1665 rideri
1800 1610 1936 1681 possuutPi

321 1704 540 1777 leret,prodirit
555 1706 583 1761 iu
613 1703 769 1776 publicum,
788 1700 905 1759 icolenrlia
928 1701 1032 1769 orortii,
1054 1714 1127 1757 anno
1176 1696 1213 1754 nii
1225 1698 1351 1773 ,ltantum
1365 1709 1458 1771 aperta
1469 1708 1497 1756 et
1510 1701 1583 1757 clara
1595 1711 1658 1757 snut
1670 1700 1732 1758 lrarc
1744 1700 1845 1758 Aurelii
1855 1702 1937 1761 lictoris

323 1800 448 1859 uidelicet
471 1798 533 1857 505.
551 1798 606 1857 Sed
632 1801 695 1872 quia
721 1807 778 1854 toto
800 1796 858 1857 iere
877 1810 950 1853 anuo
965 1794 1126 1867 aptitudine
1176 1790 1259 1849 rerba
1274 1809 1280 1847 :
1300 1812 1311 1847 ι
1328 1790 1397 1849 Cum
1404 1792 1493 1851 Nerra
1502 1804 1622 1851 extrema
1635 1804 1718 1851 etate
1740 1795 1876 1867 imperium
1891 1797 1936 1854 uli

321 1894 518 1964 contabuerat,
533 1894 578 1952 rix
593 1909 608 1951 a
623 1891 990 1967 quoquamaqnoscipotuit.
1135 1887 1227 1965 Btrio
1239 1886 1375 1959 legionum
1395 1888 1529 1959 cepisset.
1545 1890 1590 1946 ulii
1605 1891 1768 1962 prospexit,
1782 1891 1834 1947 uisi
1855 1907 1867 1947 a
1885 1909 1936 1965 supe

1174 1979 1292 2037 rioribus
1303 1981 1555 2057 robustioribusque
1563 1998 1682 2056 corpore
1695 1985 1894 2057 animoqueqori
1903 2003 1936 2045 tot

1175 2090 1273 2147 posse,
1289 2092 1384 2135 mense
1395 2089 1475 2135 serto
1483 2094 1515 2135 ac
1528 2078 1636 2137 decimo
1648 2089 1741 2137 semet
1755 2096 1789 2136 eo
1801 2079 1918 2137 abdicarit
1929 2103 1935 2135 r

321 2142 522 2215 Decolloqoio,
538 2158 588 2215 qno
611 2140 731 2198 Galerius
756 2139 945 2197 Diocletianum
963 2139 1123 2212 imperioce·
1173 2164 1185 2240 (
1198 2167 1290 2226 ml·
1319 2168 1385 2227 vm·
1407 2171 1439 2227 de
1453 2170 1550 2229 cem·
1564 2173 1608 2227 um.
1629 2172 1662 2228 a
1678 2170 1798 2247 Nem.)
1811 2174 1882 2245 Ami
1898 2175 1935 2232 Μ
1964 2189 1965 2246 3

359 2242 419 2296 dere
432 2240 536 2312 coepit,·
550 2248 635 2294 utrum
650 2248 717 2293 recte
728 2237 767 2293 llli
790 2236 952 2308 proposuerit
967 2233 1064 2291 Necte
1075 2233 1124 2289 irn·
1173 2264 1265 2337 oomni
1278 2274 1369 2339 pom
1394 2275 1443 2323 aut
1454 2282 1579 2340 sparsum
1594 2283 1757 2333 rumorem·
1784 2278 1830 2324 am
1846 2270 1936 2339 qm
1964 2305 1965 2340 ἱ

358 2333 484 2406 peritioris
497 2330 641 2403 coenrplurrr
652 2346 662 2399 ,·
675 2338 771 2402 quonia
780 2330 807 2385 in
818 2332 865 2385 ltoe
873 2328 1001 2399 colloquio
1010 2328 1123 2383 insolert-

359 2428 394 2482 titr
414 2424 512 2482 Galerii
525 2436 548 2481 et
566 2423 720 2480 Diocletiani
733 2422 875 2491 timiditor,·
888 2438 922 2478 ort
936 2432 1003 2478 recte
1013 2420 1123 2478 Ceciiirtr

616 2042 763 2087 tnttctlttts
776 2042 833 2085 Vlll.

1173 2359 1322 2417 credidisse
1347 2360 1643 2433 Nervam,morti1am
1666 2363 1840 2434 proximum,
1858 2363 1936 2419 maist

1173 2454 1308 2525 imperio,
1338 2455 1475 2527 uitantque
1500 2455 1686 2528 aliquamdiu,
1721 2456 1789 2513 licet
1820 2455 1936 2511 brerissiut

358 2529 456 2576 oasuot
470 2516 718 2575 Corratontinnnrill
731 2518 988 2591 [circumtectum
1004 2532 1035 2571 oc
1054 2514 1121 2571 Dio·
1174 2552 1317 2617 tempore,
1336 2555 1365 2602 m
1389 2544 1563 2604 ⁰500me
1588 2546 1688 2620 amque
1714 2556 1858 2617 mmm
1878 2550 1935 2621 m

358 2612 523 2669 cletiorrunro
535 2610 640 2668 Galerio
650 2612 827 2685 inrpttltnrrtei
839 2618 955 2667 coactum
968 2625 1024 2665 scre
1045 2607 1122 2665 oidi-
1173 2648 1229 2697 um
1243 2641 1333 2713 qim
1356 2638 1448 2716 (mon,
1463 2640 1560 2717 pm

357 2710 457 2767 “iiim
464 2710 586 2783 ''illimi-
1208 2729 1333 2789 Galerius
1357 2747 1423 2805 erqo
1444 2732 1587 2804 impotenti
1607 2732 1765 2806 imperandi
1788 2734 1896 2806 cupidine
1911 2735 1934 2789 is

356 2824 415 2883 Non
432 2824 523 2883 multis
538 2836 600 2899 post
614 2834 776 2883 memoratas
797 2824 886 2882 martii
913 2823 1043 2883 kalendas
1065 2825 1123 2883 dic·
1173 2820 1345 2892 flammatus,
1360 2824 1395 2881 ad
1423 2841 1517 2882 seneru
1545 2826 1623 2884 raldo
1645 2836 1822 2899 egrotantem
1839 2827 1934 2897 deripier·

321 2918 371 2976 Dus
383 2960 391 2985 ‚
405 2918 582 2977 liaxirnianus
605 2916 729 2977 Galerius
754 2916 788 2975 ad
814 2917 1007 2975 Diocletianum
1021 2919 1124 2991 pranis·
1173 2913 1236 2971 dum
1248 2917 1317 2974 satis
1331 2916 1383 2974 silri
1393 2931 1455 2974 esse
1468 2918 1572 2988 potavit
1582 2960 1590 2987 ,
1602 2919 1624 2974 si
1635 2918 1702 2975 illud
1714 2918 1814 2977 Neruae
1822 2918 1932 2990 exemplu

320 3012 389 3067 sime
410 3019 586 3082 aegrotantem
602 3010 761 3079 adnularit;
778 3021 807 3066 ιιι
831 3026 893 3066 eum
911 3008 945 3067 ad
969 3010 1122 3067 cedendum
1173 3007 1212 3064 illi
1227 3019 1402 3081 proponeret.
1417 3008 1489 3067 Pieri
1504 3020 1595 3069 autem
1610 3010 1689 3069 iacilc
1701 3015 1812 3083 potuit,
1825 3024 1851 3069 ιιι
1864 3012 1933 3068 otro

320 3102 435 3176 irnperio
460 3104 648 3175 compelleret.
672 3102 789 3161 cecilius
809 3118 875 3161 noro
898 3104 1024 3178 quamvis
1047 3118 1122 3159 sonr·
1174 3102 1263 3158 tianus
1279 3118 1309 3159 re
1324 3104 1455 3161 nonsatis
1467 3116 1594 3162 accurate
1607 3119 1748 3178 expensa,
1763 3106 1933 3163 acGaleo'isrr
1963 3153 1964 3193 ,

321 3211 393 3253 marn
417 3197 578 3255 brevitatem
593 3196 712 3271 ubique,
739 3199 776 3256 uti
791 3213 864 3271 saepe
878 3199 1013 3268 diximus,
1033 3208 1122 3256 secte·
1173 3210 1255 3253 roone
1272 3197 1410 3266 turbatus,
1433 3198 1604 3270 responderit
1621 3199 1740 3256 Nervam
1755 3215 1815 3258 sese
1834 3199 1932 3256 abiicere
1963 3196 1964 3213 ³

321 3300 383 3358 tot·;
399 3292 507 3364 lonqurn
523 3291 698 3350 rrihilonrinus
716 3293 855 3364 utriusque
868 3293 1032 3366 colloquium
1049 3302 1122 3349 tran·
1135 3305 1159 3372 c
1174 3289 1309 3363 imperio,
1334 3301 1476 3365 postquam
1499 3293 1572 3349 illius
1596 3293 1679 3350 iracua
1702 3310 1762 3351 uno
1782 3305 1875 3350 tantum
1890 3307 1932 3348 arua
1963 3370 1964 3381 ἵ

320 3384 714 3458 scripsit,quoDiocletianus
732 3385 852 3453 tandem,
868 3386 916 3442 sed
932 3387 1075 3458 egerrime
1088 3385 1123 3443 ad
1173 3383 1533 3444 moderaturioisset.Nam
1555 3387 1583 3445 iu
1607 3387 1661 3445 lroc
1683 3388 1931 3461 mtterolpscotooe
1963 3390 1964 3413 l

321 3479 510 3550 deponendam
538 3480 710 3552 imperatoris
736 3480 894 3552 dignitatem
933 3483 1046 3536 adactus
1069 3489 1121 3536 est.
1173 3479 1265 3536 tiaras
1291 3479 1399 3537 ridetur
1430 3495 1555 3550 errasse,
1584 3481 1657 3555 quod
1695 3482 1809 3542 Galerio
1834 3480 1932 3556 respond
1963 3462 1964 3537 Ϊ

321 3571 447 3628 Galerius
470 3573 561 3644 itaquo
574 3574 602 3630 id
626 3574 743 3646 primunt
766 3573 825 3642 ilii,
849 3573 886 3630 uti
914 3585 1007 3631 narrat
1029 3583 1124 3630 auctor
1171 3569 1288 3626 Neruam
1305 3587 1359 3628 ono
1372 3569 1516 3629 dunrtaxat
1530 3589 1603 3631 arrno
1624 3590 1778 3648 regnasse,
1793 3593 1864 3651 quem
1876 3578 1931 3631 lun

320 3674 425 3734 noster,
445 3664 563 3724 molliter
589 3677 618 3724 et
644 3667 732 3724 amice
759 3667 924 3740 persuadere
957 3681 1121 3740 aggressus,
1172 3664 1225 3720 lius
1240 3663 1341 3733 Pictor,
1355 3679 1418 3722 mox
1432 3665 1577 3734 laudatus,
1592 3682 1641 3724 sex
1654 3669 1778 3740 insuper,
1792 3666 1931 3727 relsicutrli

320 3761 422 3833 objecit
445 3761 613 3818 senescentis
636 3759 724 3819 aetatis
744 3771 772 3818 et
791 3765 914 3833 corporis
931 3762 1028 3817 morito
1053 3746 1123 3833 pene
1173 3754 1282 3813 aronis
1295 3756 1359 3813 alibi
1383 3759 1456 3814 citati
1476 3759 1552 3816 aiunt
1564 3801 1572 3828 ,
1584 3769 1701 3834 quatuor
1711 3771 1843 3834 preterea
1861 3774 1930 3815 uros

319 3855 435 3913 cotticctl
448 3856 579 3928 ‚intumas
602 3857 691 3924 uires,
718 3856 927 3928 exemplumque
942 3853 1038 3912 Neruae
1051 3896 1060 3924 ‚
1075 3855 1123 3927 qui
1173 3848 1322 3924 imperasse
1335 3851 1524 3909 tcstiilcaulur.

320 3950 462 4021 imperium
479 3949 596 4022 Trajano
611 3947 769 4006 tradiderat.
783 3947 838 4006 Sed
863 3947 1003 4020 respondit
1018 3947 1123 4005 Diocle·
1210 3943 1276 4000 Post
1288 3943 1347 4000 lnce
1359 3941 1477 4001 Cocilius
1491 3954 1584 4002 namt
1596 3946 1734 4019 quomodo
1755 3957 1862 4021 uterque
1881 3943 1931 4000 Gale

320 4043 520 4102 tiarrusllerrm
535 4043 613 4101 iacile
636 4044 740 4109 luisse,
767 4053 829 4114 post
854 4042 1123 4114 nnuminrperiian-
1173 4037 1230 4094 rins
1253 4045 1282 4094 et
1310 4036 1493 4095 Diocletianus
1525 4039 1689 4112 colloquium
1726 4055 1807 4098 suum
1837 4036 1931 4112 pruenti

320 4153 406 4208 num,
421 4137 455 4195 ad
471 4138 605 4209 priuatam
632 4136 723 4194 redire
753 4139 858 4206 uitam,
890 4137 918 4193 iu
938 4151 992 4209 qua
1012 4136 1121 4209 quidern
1173 4130 1291 4201 inerint,
1318 4141 1399 4203 atque
1427 4132 1473 4188 ille
1499 4133 1638 4189 transierit
1662 4133 1696 4190 ad
1723 4131 1928 4193 oonrmtontmo.

320 4223 522 4289 co'nsenucrrrt:
548 4229 599 4288 sliri
621 4246 703 4299 tero,
720 4229 765 4303 qui
795 4229 895 4286 urrrdiu
918 4229 1120 4300 imperaverat,
1173 4225 1273 4298 quilius
1286 4227 1468 4284 Diocletianus
1483 4228 1693 4300 perterreiactns
1708 4272 1716 4298 ,
1732 4231 1768 4287 ad
1783 4225 1929 4302 depono

320 4325 385 4384 illud
398 4326 558 4384 necdcccos
570 4341 652 4396 esse,
677 4341 728 4384 nec
742 4326 778 4381 oo
798 4323 915 4382 condeta
940 4323 1120 4396 plocimornrn
1173 4318 1318 4389 imperium
1333 4329 1434 4391 ‚atque
1445 4319 1579 4378 Seuerum
1597 4331 1625 4376 et
1640 4322 1816 4381 llariminum
1829 4321 1929 4378 imas.

321 4419 382 4476 odia
396 4421 464 4476 satis
476 4428 572 4476 toturn.
1173 4411 1274 4484 rejecto
1287 4413 1482 4484 Corrstantino,
1500 4415 1634 4471 creandos
1664 4416 1777 4473 tandem
1799 4420 1928 4473 coactum

356 4511 391 4568 At
413 4512 657 4582 quomodotanta,
687 4509 811 4583 inquies,
842 4507 1009 4567 confidentia
1024 4510 1124 4566 asserit
1172 4504 1315 4562 nartmm
1332 4521 1414 4578 porro
1433 4507 1545 4581 hujusce
1558 4509 1686 4583 colloquii
1698 4520 1805 4584 partem
1826 4510 1860 4568 sio
1877 4519 1928 4576 supe·

321 4604 437 4662 Cecilios
449 4605 598 4676 depositam
612 4605 723 4662 luissea
744 4604 831 4661 Nerva
849 4603 1023 4675 imperatoris
1034 4601 1122 4675 digni·
1172 4601 1230 4657 rius
1251 4600 1423 4659 exhibuimus
1435 4619 1443 4671 ;
1457 4613 1486 4660 ut
1508 4620 1621 4664 necesse
1643 4608 1761 4681 anrplius
1785 4624 1835 4666 oon
1852 4597 1929 4662 sililol

322 4707 403 4756 tatem
416 4697 428 4752 i
441 4697 536 4754 Nonne
557 4699 702 4771 Eutropius
717 4697 838 4772 (Eutrop.
855 4697 916 4752 laist.
933 4695 1011 4752 iiorn.
1025 4695 1070 4752 ltl.
1083 4695 1122 4772 rx)
1135 4703 1163 4767 1)
1174 4694 1272 4752 iteruin
1284 4695 1413 4754 descrilri.

320 4794 410 4866 palam
424 4793 543 4850 declarat
559 4793 753 4850 Diocletianum
782 4792 903 4849 omnium
919 4831 926 4858 ,
953 4799 1015 4862 post
1028 4791 1123 4847 condi·
1209 4789 1262 4847 Sed
1275 4790 1399 4863 quadarn
1413 4800 1502 4849 tameo
1515 4793 1575 4851 sine
1591 4795 1680 4870 aliqua
1692 4797 1871 4856 observatione
1885 4801 1928 4848 tuot

322 4896 378 4944 turn
393 4887 545 4944 Romanum
566 4884 923 4958 imperiuru,essesolunr,
939 4883 1122 4956 quiextanto
1173 4881 1926 4963 praenrrninerenonpossnmus,acprtmoqaioenor
1962 4936 1963 4941 ,

321 4981 428 5056 iastigio
451 4981 485 5036 ad
500 4983 630 5054 privatam
646 4981 727 5037 uitam
753 4979 919 5036 remeaverit
932 4979 944 5034 l
957 4977 1054 5036 Nonne
1067 4979 1123 5036 Pli·
1173 4987 1227 5035 tarn
1242 4979 1269 5036 iu
1290 4979 1345 5035 lroc
1358 4979 1465 5053 dialogo
1493 4981 1671 5040 animaduerti
1694 4985 1856 5043 insolentiam
1866 4980 1926 5036 ietilt·
1962 4966 1963 5045 ι

321 5079 382 5134 ttius
398 5075 492 5151 (Piin.
506 5073 608 5148 Poncq.
624 5073 731 5150 Trajan.
747 5071 830 5146 §Del
853 5071 908 5148 to)
928 5073 973 5144 qui
989 5086 1024 5130 eo
1051 5083 1120 5129 tern-
1173 5084 1282 5148 ieutque
1296 5074 1415 5142 Galerii,
1428 5087 1555 5149 quantam
1570 5079 1730 5137 Diocletiani
1744 5080 1816 5138 senis
1826 5071 1925 5136 intelli

322 5186 389 5244 pore
413 5171 526 5238 Docuit,
555 5170 673 5241 Trojano
711 5169 813 5225 idcirco
848 5168 1018 5242 gratulatur,
1046 5168 1120 5241 quod
1172 5179 1301 5227 tatcmao
1318 5170 1499 5228 timiditatem.
1515 5172 1640 5229 Euenim
1668 5175 1836 5247 impudentia
1854 5179 1925 5244 proce

322 5268 450 5341 quamdin
466 5267 552 5324 Nerua
567 5267 652 5334 uixit,
669 5265 740 5322 illius
763 5265 867 5335 imperii
881 5265 916 5320 ita
932 5263 1013 5320 luerit
1031 5265 1121 5320 socius
1171 5261 1361 5331 sitGalerius;
1378 5274 1407 5318 ut
1420 5273 1627 5334 pretercatera
1644 5265 1744 5325 dixerit
1761 5269 1815 5341 jam
1826 5267 1923 5323 crisma

322 5373 349 5418 et
361 5361 515 5432 particeps;
530 5371 558 5415 ut
571 5359 685 5430 sibiipsi
702 5357 822 5428 priuatus
834 5357 982 5414 uideretur.
1171 5371 1221 5424 sc,
1236 5357 1284 5413 serl
1312 5356 1480 5412 Diocletiana
1495 5398 1503 5425 ,
1522 5372 1584 5413 cum
1610 5375 1665 5430 quo
1686 5360 1848 5432 loquebatur,
1860 5357 1922 5412 incon·

357 5452 459 5512 Vcrnrn
472 5454 518 5510 alii
531 5455 676 5525 opinantur
689 5454 770 5508 verlra
784 5451 842 5507 liaeo
855 5451 933 5508 Plinii
960 5453 1119 5524 neutiquam
1172 5451 1260 5516 sulio,
1273 5449 1446 5520 Herculium,
1461 5452 1506 5524 qui
1521 5451 1652 5508 Seuerum
1673 5451 1806 5512 Caesarem
1826 5459 1922 5516 aurora

323 5553 357 5610 do
372 5551 508 5624 irnperio,
524 5549 571 5608 sed
594 5550 628 5607 de
648 5551 703 5605 rita
727 5547 824 5605 Nerva
851 5547 1038 5619 intelligenda.
1054 5545 1120 5604 Natu
1172 5555 1223 5599 ret.
1239 5543 1421 5600 Diocletianus
1436 5558 1520 5613 uero,
1535 5545 1587 5602 etsi
1597 5545 1624 5601 ei
1644 5548 1778 5618 superior,
1792 5549 1816 5604 id
1826 5538 1922 5618 patitilii

323 5645 424 5705 ibidem
435 5644 606 5702 continenter
619 5641 738 5716 adjecit:
756 5659 766 5694 ι
785 5639 883 5697 Audita
900 5649 1037 5698 runtrota
1050 5650 1117 5698 tuat
1172 5637 1242 5696 sime
1270 5635 1385 5706 tulisse,
1413 5651 1464 5694 nec
1486 5637 1645 5694 mussitasse
1669 5638 1778 5711 quidem
1801 5634 1920 5710 periiirltt·

325 5740 452 5798 nimirum
465 5737 594 5811 Traiani,
620 5753 630 5790 ι
649 5737 697 5793 sed
721 5736 747 5792 in
773 5741 903 5807 quantum
917 5733 1022 5804 optimo
1034 5731 1071 5788 illi
1095 5741 1124 5791 et
1173 5728 1275 5788 Verum
1292 5729 1451 5803 responderi
1474 5729 1588 5789 iorsitan
1609 5741 1699 5804 potest
1719 5733 1794 5805 prius
1814 5721 1920 5786 insolentia

325 5829 495 5886 sanctissimo
510 5829 569 5886 seni
581 5827 648 5884 utilc
663 5825 730 5894 iuit,
744 5842 824 5898 quern
838 5825 875 5882 dii
885 5825 956 5882 coelo
968 5822 1123 5883 vindicare·
1173 5824 1270 5881 vitium
1282 5821 1411 5894 Galerio,
1424 5823 1542 5883 lrarltaro
1555 5825 1648 5897 utique
1661 5840 1694 5882 ao
1706 5811 1921 5883 leroctsanrloi

327 5929 386 5980 runt
401 5960 408 5991 ‚
425 5935 458 5978 ne
471 5921 533 5991 qnid
547 5927 608 5992 post
624 5917 688 5980 lllrrd
702 5915 821 5983 ditinum
839 5916 992 5977 immortale
1003 5915 1119 5984 iactum,
1175 5914 1221 5986 ni,
1235 5916 1280 5985 qui
1292 5915 1346 5980 ion
1357 5923 1455 5984 totam,
1472 5916 1599 5974 sicutiait
1613 5914 1749 5990 Cecilins,
1761 5909 1920 5974 orirminliol·
